datatrade_id,dataprice, datasize, databid, dataask, datavolume, datatime

34106302,11234.69000000,0.17676511,11250.42,11250.43,19404.17262118,Fri Jan 19 2018 10:59:52 GMT-0800 (PST)
34106303,11250.42000000,0.29147905,11240,11245.67,19404.17262118,Fri Jan 19 2018 11:00:01 GMT-0800 (PST)
34106304,11239.44000000,0.00533800,11244.95,11244.96,19404.17262118,Fri Jan 19 2018 11:00:02 GMT-0800 (PST)
34106304,11239.44000000,0.00533800,11239.44,11244.93,19404.17262118,Fri Jan 19 2018 11:00:03 GMT-0800 (PST)
34106307,11244.41000000,0.04056988,11239.44,11244.4,19404.17262118,Fri Jan 19 2018 11:00:04 GMT-0800 (PST)
34106307,11244.41000000,0.04056988,11239.44,11244.35,19404.17262118,Fri Jan 19 2018 11:00:05 GMT-0800 (PST)
34106307,11244.41000000,0.04056988,11239.45,11244.1,19404.17262118,Fri Jan 19 2018 11:00:06 GMT-0800 (PST)
34106307,11244.41000000,0.04056988,11241.47,11241.48,19404.17262118,Fri Jan 19 2018 11:00:07 GMT-0800 (PST)
34106307,11244.41000000,0.04056988,11239.44,11239.45,19404.17262118,Fri Jan 19 2018 11:00:08 GMT-0800 (PST)
34106307,11244.41000000,0.04056988,11239.44,11239.45,19404.17262118,Fri Jan 19 2018 11:00:09 GMT-0800 (PST)
34106307,11244.41000000,0.04056988,11239.44,11239.45,19404.17262118,Fri Jan 19 2018 11:00:10 GMT-0800 (PST)
34106307,11244.41000000,0.04056988,11239.44,11239.45,19404.17262118,Fri Jan 19 2018 11:00:11 GMT-0800 (PST)
34106307,11244.41000000,0.04056988,11239.44,11239.45,19404.17262118,Fri Jan 19 2018 11:00:12 GMT-0800 (PST)
34106308,11239.45000000,0.29160000,11239.44,11239.45,19404.17262118,Fri Jan 19 2018 11:00:12 GMT-0800 (PST)
34106310,11239.45000000,0.11250089,11239.44,11239.45,19404.17262118,Fri Jan 19 2018 11:00:14 GMT-0800 (PST)
34106310,11239.45000000,0.11250089,11239.44,11239.45,19404.17262118,Fri Jan 19 2018 11:00:15 GMT-0800 (PST)
34106310,11239.45000000,0.11250089,11239.44,11239.45,19404.17262118,Fri Jan 19 2018 11:00:16 GMT-0800 (PST)
34106310,11239.45000000,0.11250089,11239.44,11239.45,19404.17262118,Fri Jan 19 2018 11:00:17 GMT-0800 (PST)
34106310,11239.45000000,0.11250089,11239.44,11239.45,19404.17262118,Fri Jan 19 2018 11:00:18 GMT-0800 (PST)
34106310,11239.45000000,0.11250089,11239.44,11239.45,19404.17262118,Fri Jan 19 2018 11:00:19 GMT-0800 (PST)
34106310,11239.45000000,0.11250089,11239.44,11239.45,19404.17262118,Fri Jan 19 2018 11:00:20 GMT-0800 (PST)
34106311,11239.45000000,0.00133125,11239.44,11239.45,19404.17262118,Fri Jan 19 2018 11:00:21 GMT-0800 (PST)
34106311,11239.45000000,0.00133125,11239.44,11239.45,19404.17262118,Fri Jan 19 2018 11:00:22 GMT-0800 (PST)
34106311,11239.45000000,0.00133125,11239.44,11239.45,19404.17262118,Fri Jan 19 2018 11:00:23 GMT-0800 (PST)
34106311,11239.45000000,0.00133125,11239.44,11239.45,19404.17262118,Fri Jan 19 2018 11:00:24 GMT-0800 (PST)
34106311,11239.45000000,0.00133125,11239.44,11239.45,19404.17262118,Fri Jan 19 2018 11:00:25 GMT-0800 (PST)
34106311,11239.45000000,0.00133125,11239.44,11239.45,19404.17262118,Fri Jan 19 2018 11:00:26 GMT-0800 (PST)
34106311,11239.45000000,0.00133125,11239.44,11239.45,19404.17262118,Fri Jan 19 2018 11:00:27 GMT-0800 (PST)
34106312,11239.45000000,0.00221876,11239.44,11239.45,19389.17761763,Fri Jan 19 2018 11:00:28 GMT-0800 (PST)
34106312,11239.45000000,0.00221876,11239.44,11239.45,19389.17761763,Fri Jan 19 2018 11:00:29 GMT-0800 (PST)
34106312,11239.45000000,0.00221876,11239.44,11239.45,19389.17761763,Fri Jan 19 2018 11:00:30 GMT-0800 (PST)
34106312,11239.45000000,0.00221876,11239.44,11239.45,19389.17761763,Fri Jan 19 2018 11:00:31 GMT-0800 (PST)
34106312,11239.45000000,0.00221876,11239.44,11239.45,19389.17761763,Fri Jan 19 2018 11:00:32 GMT-0800 (PST)
34106312,11239.45000000,0.00221876,11239.44,11239.45,19389.17761763,Fri Jan 19 2018 11:00:33 GMT-0800 (PST)
34106318,11241.00000000,0.01221063,11244.91,11244.92,19389.17761763,Fri Jan 19 2018 11:00:33 GMT-0800 (PST)
34106318,11241.00000000,0.01221063,11244.91,11244.92,19389.17761763,Fri Jan 19 2018 11:00:34 GMT-0800 (PST)
34106319,11244.92000000,0.02096596,11244.91,11244.92,19389.17761763,Fri Jan 19 2018 11:00:35 GMT-0800 (PST)
34106319,11244.92000000,0.02096596,11244.91,11244.92,19389.17761763,Fri Jan 19 2018 11:00:36 GMT-0800 (PST)
34106319,11244.92000000,0.02096596,11244.91,11244.92,19389.17761763,Fri Jan 19 2018 11:00:37 GMT-0800 (PST)
34106320,11244.91000000,0.04181782,11244.91,11244.92,19389.17761763,Fri Jan 19 2018 11:00:39 GMT-0800 (PST)
34106320,11244.91000000,0.04181782,11244.91,11244.92,19389.17761763,Fri Jan 19 2018 11:00:40 GMT-0800 (PST)
34106320,11244.91000000,0.04181782,11244.91,11244.92,19389.17761763,Fri Jan 19 2018 11:00:41 GMT-0800 (PST)
34106320,11244.91000000,0.04181782,11244.91,11244.92,19389.17761763,Fri Jan 19 2018 11:00:42 GMT-0800 (PST)
34106320,11244.91000000,0.04181782,11244.91,11244.92,19389.17761763,Fri Jan 19 2018 11:00:43 GMT-0800 (PST)
34106320,11244.91000000,0.04181782,11244.91,11244.92,19389.17761763,Fri Jan 19 2018 11:00:44 GMT-0800 (PST)
34106320,11244.91000000,0.04181782,11244.91,11244.92,19389.17761763,Fri Jan 19 2018 11:00:45 GMT-0800 (PST)
34106320,11244.91000000,0.04181782,11244.91,11244.92,19389.17761763,Fri Jan 19 2018 11:00:46 GMT-0800 (PST)
34106320,11244.91000000,0.04181782,11244.91,11244.92,19389.17761763,Fri Jan 19 2018 11:00:47 GMT-0800 (PST)
34106320,11244.91000000,0.04181782,11244.91,11244.92,19389.17761763,Fri Jan 19 2018 11:00:48 GMT-0800 (PST)
34106320,11244.91000000,0.04181782,11244.91,11244.92,19389.17761763,Fri Jan 19 2018 11:00:49 GMT-0800 (PST)
34106320,11244.91000000,0.04181782,11244.91,11244.92,19389.17761763,Fri Jan 19 2018 11:00:50 GMT-0800 (PST)
34106321,11244.92000000,0.08011331,11244.91,11244.92,19389.17761763,Fri Jan 19 2018 11:00:50 GMT-0800 (PST)
34106321,11244.92000000,0.08011331,11244.91,11244.92,19389.17761763,Fri Jan 19 2018 11:00:51 GMT-0800 (PST)
34106321,11244.92000000,0.08011331,11244.91,11244.92,19389.17761763,Fri Jan 19 2018 11:00:52 GMT-0800 (PST)
34106321,11244.92000000,0.08011331,11244.91,11244.92,19389.17761763,Fri Jan 19 2018 11:00:53 GMT-0800 (PST)
34106321,11244.92000000,0.08011331,11244.91,11244.92,19389.17761763,Fri Jan 19 2018 11:00:54 GMT-0800 (PST)
34106321,11244.92000000,0.08011331,11244.91,11244.92,19389.17761763,Fri Jan 19 2018 11:00:55 GMT-0800 (PST)
34106321,11244.92000000,0.08011331,11244.91,11244.92,19389.17761763,Fri Jan 19 2018 11:00:56 GMT-0800 (PST)
34106321,11244.92000000,0.08011331,11244.91,11244.92,19389.17761763,Fri Jan 19 2018 11:00:57 GMT-0800 (PST)
34106325,11251.76000000,0.18504830,11251.75,11251.76,19389.17761763,Fri Jan 19 2018 11:00:58 GMT-0800 (PST)
34106325,11251.76000000,0.18504830,11251.75,11251.76,19389.17761763,Fri Jan 19 2018 11:00:59 GMT-0800 (PST)
34106325,11251.76000000,0.18504830,11251.75,11251.76,19389.17761763,Fri Jan 19 2018 11:01:00 GMT-0800 (PST)
34106325,11251.76000000,0.18504830,11251.75,11251.76,19389.17761763,Fri Jan 19 2018 11:01:01 GMT-0800 (PST)
34106325,11251.76000000,0.18504830,11251.75,11251.76,19389.17761763,Fri Jan 19 2018 11:01:02 GMT-0800 (PST)
34106325,11251.76000000,0.18504830,11252.67,11252.68,19389.17761763,Fri Jan 19 2018 11:01:03 GMT-0800 (PST)
34106325,11251.76000000,0.18504830,11252.67,11252.68,19389.17761763,Fri Jan 19 2018 11:01:04 GMT-0800 (PST)
34106325,11251.76000000,0.18504830,11252.67,11252.68,19389.17761763,Fri Jan 19 2018 11:01:05 GMT-0800 (PST)
34106325,11251.76000000,0.18504830,11252.67,11252.68,19389.17761763,Fri Jan 19 2018 11:01:06 GMT-0800 (PST)
34106325,11251.76000000,0.18504830,11252.67,11252.68,19389.17761763,Fri Jan 19 2018 11:01:07 GMT-0800 (PST)
34106325,11251.76000000,0.18504830,11252.67,11252.68,19389.17761763,Fri Jan 19 2018 11:01:08 GMT-0800 (PST)
34106325,11251.76000000,0.18504830,11252.67,11252.68,19389.17761763,Fri Jan 19 2018 11:01:09 GMT-0800 (PST)
34106325,11251.76000000,0.18504830,11252.67,11252.68,19389.17761763,Fri Jan 19 2018 11:01:10 GMT-0800 (PST)
34106325,11251.76000000,0.18504830,11252.67,11252.68,19389.17761763,Fri Jan 19 2018 11:01:11 GMT-0800 (PST)
34106325,11251.76000000,0.18504830,11252.67,11252.68,19389.17761763,Fri Jan 19 2018 11:01:12 GMT-0800 (PST)
34106325,11251.76000000,0.18504830,11252.67,11252.68,19389.17761763,Fri Jan 19 2018 11:01:13 GMT-0800 (PST)
34106325,11251.76000000,0.18504830,11252.67,11252.68,19389.17761763,Fri Jan 19 2018 11:01:14 GMT-0800 (PST)
34106325,11251.76000000,0.18504830,11252.67,11252.68,19389.17761763,Fri Jan 19 2018 11:01:15 GMT-0800 (PST)
34106325,11251.76000000,0.18504830,11252.67,11252.68,19389.17761763,Fri Jan 19 2018 11:01:16 GMT-0800 (PST)
34106325,11251.76000000,0.18504830,11252.67,11252.68,19389.17761763,Fri Jan 19 2018 11:01:17 GMT-0800 (PST)
34106325,11251.76000000,0.18504830,11252.67,11252.68,19389.17761763,Fri Jan 19 2018 11:01:18 GMT-0800 (PST)
34106326,11252.68000000,0.00100000,11252.67,11252.68,19389.17761763,Fri Jan 19 2018 11:01:19 GMT-0800 (PST)
34106326,11252.68000000,0.00100000,11252.67,11252.68,19389.17761763,Fri Jan 19 2018 11:01:20 GMT-0800 (PST)
34106326,11252.68000000,0.00100000,11252.67,11252.68,19389.17761763,Fri Jan 19 2018 11:01:21 GMT-0800 (PST)
34106329,11258.51000000,0.06918177,11258.5,11258.51,19389.17761763,Fri Jan 19 2018 11:01:22 GMT-0800 (PST)
34106329,11258.51000000,0.06918177,11261.53,11261.54,19389.17761763,Fri Jan 19 2018 11:01:23 GMT-0800 (PST)
34106329,11258.51000000,0.06918177,11261.53,11261.54,19389.17761763,Fri Jan 19 2018 11:01:24 GMT-0800 (PST)
34106329,11258.51000000,0.06918177,11261.53,11261.54,19389.17761763,Fri Jan 19 2018 11:01:25 GMT-0800 (PST)
34106329,11258.51000000,0.06918177,11261.53,11261.54,19389.17761763,Fri Jan 19 2018 11:01:26 GMT-0800 (PST)
34106329,11258.51000000,0.06918177,11261.53,11261.54,19389.17761763,Fri Jan 19 2018 11:01:27 GMT-0800 (PST)
34106329,11258.51000000,0.06918177,11261.53,11261.54,19389.17761763,Fri Jan 19 2018 11:01:28 GMT-0800 (PST)
34106330,11261.54000000,0.01217482,11261.53,11261.54,19389.17761763,Fri Jan 19 2018 11:01:30 GMT-0800 (PST)
34106330,11261.54000000,0.01217482,11261.53,11261.54,19389.17761763,Fri Jan 19 2018 11:01:31 GMT-0800 (PST)
34106330,11261.54000000,0.01217482,11261.53,11261.54,19389.17761763,Fri Jan 19 2018 11:01:32 GMT-0800 (PST)
34106330,11261.54000000,0.01217482,11261.53,11261.54,19389.17761763,Fri Jan 19 2018 11:01:33 GMT-0800 (PST)
34106330,11261.54000000,0.01217482,11261.53,11261.54,19389.17761763,Fri Jan 19 2018 11:01:34 GMT-0800 (PST)
34106330,11261.54000000,0.01217482,11261.53,11261.54,19389.17761763,Fri Jan 19 2018 11:01:35 GMT-0800 (PST)
34106330,11261.54000000,0.01217482,11261.53,11261.54,19389.17761763,Fri Jan 19 2018 11:01:36 GMT-0800 (PST)
34106330,11261.54000000,0.01217482,11261.53,11261.54,19389.17761763,Fri Jan 19 2018 11:01:37 GMT-0800 (PST)
34106330,11261.54000000,0.01217482,11261.53,11261.54,19389.17761763,Fri Jan 19 2018 11:01:38 GMT-0800 (PST)
34106331,11261.53000000,0.03209252,11261.53,11261.54,19389.17761763,Fri Jan 19 2018 11:01:39 GMT-0800 (PST)
34106331,11261.53000000,0.03209252,11261.53,11261.54,19389.17761763,Fri Jan 19 2018 11:01:40 GMT-0800 (PST)
34106332,11261.54000000,0.40690000,11261.53,11261.54,19389.17761763,Fri Jan 19 2018 11:01:40 GMT-0800 (PST)
34106332,11261.54000000,0.40690000,11261.53,11261.54,19389.17761763,Fri Jan 19 2018 11:01:41 GMT-0800 (PST)
34106332,11261.54000000,0.40690000,11261.53,11261.54,19389.17761763,Fri Jan 19 2018 11:01:42 GMT-0800 (PST)
34106332,11261.54000000,0.40690000,11261.53,11261.54,19389.17761763,Fri Jan 19 2018 11:01:43 GMT-0800 (PST)
34106332,11261.54000000,0.40690000,11261.53,11261.54,19389.17761763,Fri Jan 19 2018 11:01:44 GMT-0800 (PST)
34106332,11261.54000000,0.40690000,11261.53,11261.54,19389.17761763,Fri Jan 19 2018 11:01:45 GMT-0800 (PST)
34106332,11261.54000000,0.40690000,11261.53,11261.54,19389.17761763,Fri Jan 19 2018 11:01:46 GMT-0800 (PST)
34106333,11261.54000000,0.02541981,11261.53,11261.54,19389.17761763,Fri Jan 19 2018 11:01:48 GMT-0800 (PST)
34106333,11261.54000000,0.02541981,11261.53,11261.54,19389.17761763,Fri Jan 19 2018 11:01:49 GMT-0800 (PST)
34106333,11261.54000000,0.02541981,11261.53,11261.54,19389.17761763,Fri Jan 19 2018 11:01:50 GMT-0800 (PST)
34106333,11261.54000000,0.02541981,11261.53,11261.54,19389.17761763,Fri Jan 19 2018 11:01:51 GMT-0800 (PST)
34106333,11261.54000000,0.02541981,11261.53,11261.54,19389.17761763,Fri Jan 19 2018 11:01:52 GMT-0800 (PST)
34106333,11261.54000000,0.02541981,11261.53,11261.54,19389.17761763,Fri Jan 19 2018 11:01:53 GMT-0800 (PST)
34106333,11261.54000000,0.02541981,11261.53,11261.54,19389.17761763,Fri Jan 19 2018 11:01:54 GMT-0800 (PST)
34106333,11261.54000000,0.02541981,11261.53,11261.54,19389.17761763,Fri Jan 19 2018 11:01:55 GMT-0800 (PST)
34106333,11261.54000000,0.02541981,11261.53,11261.54,19389.17761763,Fri Jan 19 2018 11:01:56 GMT-0800 (PST)
34106333,11261.54000000,0.02541981,11261.53,11261.54,19389.17761763,Fri Jan 19 2018 11:01:57 GMT-0800 (PST)
34106336,11261.53000000,0.01984208,11261.53,11261.54,19389.17761763,Fri Jan 19 2018 11:01:58 GMT-0800 (PST)
34106336,11261.53000000,0.01984208,11261.53,11261.54,19389.17761763,Fri Jan 19 2018 11:01:59 GMT-0800 (PST)
34106336,11261.53000000,0.01984208,11261.53,11261.54,19389.17761763,Fri Jan 19 2018 11:02:00 GMT-0800 (PST)
34106336,11261.53000000,0.01984208,11261.53,11261.54,19389.17761763,Fri Jan 19 2018 11:02:01 GMT-0800 (PST)
34106336,11261.53000000,0.01984208,11261.53,11261.54,19389.17761763,Fri Jan 19 2018 11:02:02 GMT-0800 (PST)
34106336,11261.53000000,0.01984208,11261.53,11261.54,19389.17761763,Fri Jan 19 2018 11:02:03 GMT-0800 (PST)
34106336,11261.53000000,0.01984208,11261.53,11261.54,19389.17761763,Fri Jan 19 2018 11:02:04 GMT-0800 (PST)
34106336,11261.53000000,0.01984208,11261.53,11261.54,19389.17761763,Fri Jan 19 2018 11:02:05 GMT-0800 (PST)
34106336,11261.53000000,0.01984208,11261.53,11261.54,19389.17761763,Fri Jan 19 2018 11:02:06 GMT-0800 (PST)
34106336,11261.53000000,0.01984208,11261.53,11261.54,19389.17761763,Fri Jan 19 2018 11:02:07 GMT-0800 (PST)
34106336,11261.53000000,0.01984208,11261.53,11261.54,19389.17761763,Fri Jan 19 2018 11:02:08 GMT-0800 (PST)
34106336,11261.53000000,0.01984208,11261.53,11261.54,19344.74567415,Fri Jan 19 2018 11:02:09 GMT-0800 (PST)
34106336,11261.53000000,0.01984208,11261.53,11261.54,19344.74567415,Fri Jan 19 2018 11:02:10 GMT-0800 (PST)
34106336,11261.53000000,0.01984208,11261.53,11261.54,19344.74567415,Fri Jan 19 2018 11:02:11 GMT-0800 (PST)
34106336,11261.53000000,0.01984208,11261.53,11261.54,19344.74567415,Fri Jan 19 2018 11:02:12 GMT-0800 (PST)
34106336,11261.53000000,0.01984208,11261.53,11261.54,19344.74567415,Fri Jan 19 2018 11:02:13 GMT-0800 (PST)
34106336,11261.53000000,0.01984208,11261.53,11261.54,19344.74567415,Fri Jan 19 2018 11:02:14 GMT-0800 (PST)
34106336,11261.53000000,0.01984208,11261.53,11261.54,19344.74567415,Fri Jan 19 2018 11:02:15 GMT-0800 (PST)
34106336,11261.53000000,0.01984208,11261.53,11261.54,19344.74567415,Fri Jan 19 2018 11:02:16 GMT-0800 (PST)
34106336,11261.53000000,0.01984208,11261.53,11261.54,19344.74567415,Fri Jan 19 2018 11:02:17 GMT-0800 (PST)
34106336,11261.53000000,0.01984208,11261.53,11261.54,19344.74567415,Fri Jan 19 2018 11:02:18 GMT-0800 (PST)
34106338,11261.54000000,0.98991288,11261.53,11261.54,19344.74567415,Fri Jan 19 2018 11:02:18 GMT-0800 (PST)
34106339,11261.53000000,0.27880000,11261.53,11261.54,19344.74567415,Fri Jan 19 2018 11:02:20 GMT-0800 (PST)
34106339,11261.53000000,0.27880000,11261.53,11261.54,19344.74567415,Fri Jan 19 2018 11:02:21 GMT-0800 (PST)
34106339,11261.53000000,0.27880000,11261.53,11261.54,19344.74567415,Fri Jan 19 2018 11:02:22 GMT-0800 (PST)
34106339,11261.53000000,0.27880000,11261.53,11261.54,19344.74567415,Fri Jan 19 2018 11:02:23 GMT-0800 (PST)
34106339,11261.53000000,0.27880000,11261.53,11261.54,19344.74567415,Fri Jan 19 2018 11:02:24 GMT-0800 (PST)
34106339,11261.53000000,0.27880000,11261.53,11261.54,19344.74567415,Fri Jan 19 2018 11:02:25 GMT-0800 (PST)
34106339,11261.53000000,0.27880000,11261.53,11261.54,19344.74567415,Fri Jan 19 2018 11:02:26 GMT-0800 (PST)
34106344,11261.54000000,1.38805480,11261.53,11261.54,19344.74567415,Fri Jan 19 2018 11:02:27 GMT-0800 (PST)
34106344,11261.54000000,1.38805480,11261.53,11261.54,19344.74567415,Fri Jan 19 2018 11:02:28 GMT-0800 (PST)
34106344,11261.54000000,1.38805480,11261.53,11261.54,19344.74567415,Fri Jan 19 2018 11:02:29 GMT-0800 (PST)
34106344,11261.54000000,1.38805480,11261.53,11261.54,19344.74567415,Fri Jan 19 2018 11:02:30 GMT-0800 (PST)
34106344,11261.54000000,1.38805480,11261.53,11261.54,19344.74567415,Fri Jan 19 2018 11:02:31 GMT-0800 (PST)
34106344,11261.54000000,1.38805480,11261.53,11261.54,19344.74567415,Fri Jan 19 2018 11:02:32 GMT-0800 (PST)
34106344,11261.54000000,1.38805480,11261.53,11261.54,19344.74567415,Fri Jan 19 2018 11:02:33 GMT-0800 (PST)
34106344,11261.54000000,1.38805480,11261.53,11261.54,19344.74567415,Fri Jan 19 2018 11:02:34 GMT-0800 (PST)
34106344,11261.54000000,1.38805480,11261.53,11261.54,19344.74567415,Fri Jan 19 2018 11:02:35 GMT-0800 (PST)
34106344,11261.54000000,1.38805480,11261.53,11261.54,19344.74567415,Fri Jan 19 2018 11:02:36 GMT-0800 (PST)
34106344,11261.54000000,1.38805480,11261.53,11261.54,19344.74567415,Fri Jan 19 2018 11:02:37 GMT-0800 (PST)
34106346,11261.53000000,0.00573056,11261.53,11261.54,19344.74567415,Fri Jan 19 2018 11:02:38 GMT-0800 (PST)
34106346,11261.53000000,0.00573056,11261.53,11261.54,19344.74567415,Fri Jan 19 2018 11:02:39 GMT-0800 (PST)
34106347,11261.53000000,0.64875016,11261.53,11261.54,19344.74567415,Fri Jan 19 2018 11:02:39 GMT-0800 (PST)
34106347,11261.53000000,0.64875016,11261.53,11261.54,19344.74567415,Fri Jan 19 2018 11:02:40 GMT-0800 (PST)
34106348,11261.54000000,0.00885763,11261.53,11261.54,19344.74567415,Fri Jan 19 2018 11:02:42 GMT-0800 (PST)
34106348,11261.54000000,0.00885763,11261.53,11261.54,19344.74567415,Fri Jan 19 2018 11:02:43 GMT-0800 (PST)
34106348,11261.54000000,0.00885763,11261.53,11261.54,19344.74567415,Fri Jan 19 2018 11:02:44 GMT-0800 (PST)
34106348,11261.54000000,0.00885763,11261.53,11261.54,19344.74567415,Fri Jan 19 2018 11:02:45 GMT-0800 (PST)
34106348,11261.54000000,0.00885763,11261.53,11261.54,19344.74567415,Fri Jan 19 2018 11:02:46 GMT-0800 (PST)
34106349,11261.54000000,0.73673299,11261.53,11261.54,19344.74567415,Fri Jan 19 2018 11:02:47 GMT-0800 (PST)
34106349,11261.54000000,0.73673299,11261.53,11261.54,19344.74567415,Fri Jan 19 2018 11:02:48 GMT-0800 (PST)
34106349,11261.54000000,0.73673299,11261.53,11261.54,19344.74567415,Fri Jan 19 2018 11:02:49 GMT-0800 (PST)
34106349,11261.54000000,0.73673299,11261.53,11261.54,19344.74567415,Fri Jan 19 2018 11:02:50 GMT-0800 (PST)
34106349,11261.54000000,0.73673299,11261.53,11261.54,19344.74567415,Fri Jan 19 2018 11:02:51 GMT-0800 (PST)
34106349,11261.54000000,0.73673299,11261.53,11261.54,19344.74567415,Fri Jan 19 2018 11:02:52 GMT-0800 (PST)
34106349,11261.54000000,0.73673299,11261.53,11261.54,19344.74567415,Fri Jan 19 2018 11:02:53 GMT-0800 (PST)
34106349,11261.54000000,0.73673299,11261.53,11261.54,19344.74567415,Fri Jan 19 2018 11:02:54 GMT-0800 (PST)
34106350,11261.54000000,0.40620000,11261.53,11261.54,19344.74567415,Fri Jan 19 2018 11:02:54 GMT-0800 (PST)
34106350,11261.54000000,0.40620000,11261.53,11261.54,19344.74567415,Fri Jan 19 2018 11:02:55 GMT-0800 (PST)
34106350,11261.54000000,0.40620000,11261.53,11261.54,19344.74567415,Fri Jan 19 2018 11:02:56 GMT-0800 (PST)
34106351,11261.54000000,0.00442881,11261.53,11261.54,19344.74567415,Fri Jan 19 2018 11:02:58 GMT-0800 (PST)
34106351,11261.54000000,0.00442881,11261.53,11261.54,19344.74567415,Fri Jan 19 2018 11:02:59 GMT-0800 (PST)
34106351,11261.54000000,0.00442881,11261.53,11261.54,19344.74567415,Fri Jan 19 2018 11:03:00 GMT-0800 (PST)
34106351,11261.54000000,0.00442881,11261.53,11261.54,19344.74567415,Fri Jan 19 2018 11:03:01 GMT-0800 (PST)
34106351,11261.54000000,0.00442881,11261.53,11261.54,19344.74567415,Fri Jan 19 2018 11:03:02 GMT-0800 (PST)
34106351,11261.54000000,0.00442881,11261.53,11261.54,19344.74567415,Fri Jan 19 2018 11:03:03 GMT-0800 (PST)
34106352,11261.54000000,0.08857636,11261.53,11261.54,19344.74567415,Fri Jan 19 2018 11:03:04 GMT-0800 (PST)
34106352,11261.54000000,0.08857636,11261.53,11261.54,19344.74567415,Fri Jan 19 2018 11:03:05 GMT-0800 (PST)
34106352,11261.54000000,0.08857636,11261.53,11261.54,19344.74567415,Fri Jan 19 2018 11:03:06 GMT-0800 (PST)
34106352,11261.54000000,0.08857636,11261.53,11261.54,19344.74567415,Fri Jan 19 2018 11:03:07 GMT-0800 (PST)
34106352,11261.54000000,0.08857636,11261.53,11261.54,19344.74567415,Fri Jan 19 2018 11:03:08 GMT-0800 (PST)
34106352,11261.54000000,0.08857636,11261.53,11261.54,19344.74567415,Fri Jan 19 2018 11:03:09 GMT-0800 (PST)
34106352,11261.54000000,0.08857636,11261.53,11261.54,19344.74567415,Fri Jan 19 2018 11:03:10 GMT-0800 (PST)
34106353,11261.53000000,0.04304041,11261.53,11261.54,19344.74567415,Fri Jan 19 2018 11:03:11 GMT-0800 (PST)
34106353,11261.53000000,0.04304041,11261.53,11261.54,19344.74567415,Fri Jan 19 2018 11:03:12 GMT-0800 (PST)
34106353,11261.53000000,0.04304041,11261.53,11261.54,19344.74567415,Fri Jan 19 2018 11:03:13 GMT-0800 (PST)
34106353,11261.53000000,0.04304041,11261.53,11261.54,19344.74567415,Fri Jan 19 2018 11:03:14 GMT-0800 (PST)
34106353,11261.53000000,0.04304041,11261.53,11261.54,19344.74567415,Fri Jan 19 2018 11:03:15 GMT-0800 (PST)
34106353,11261.53000000,0.04304041,11261.53,11261.54,19344.74567415,Fri Jan 19 2018 11:03:16 GMT-0800 (PST)
34106353,11261.53000000,0.04304041,11261.53,11261.54,19344.74567415,Fri Jan 19 2018 11:03:17 GMT-0800 (PST)
34106353,11261.53000000,0.04304041,11261.53,11261.54,19344.74567415,Fri Jan 19 2018 11:03:18 GMT-0800 (PST)
34106353,11261.53000000,0.04304041,11261.53,11261.54,19344.74567415,Fri Jan 19 2018 11:03:19 GMT-0800 (PST)
34106356,11261.54000000,0.24714885,11261.53,11261.54,19344.74567415,Fri Jan 19 2018 11:03:20 GMT-0800 (PST)
34106356,11261.54000000,0.24714885,11261.53,11261.54,19344.74567415,Fri Jan 19 2018 11:03:21 GMT-0800 (PST)
34106357,11261.54000000,0.44288180,11261.53,11261.54,19344.74567415,Fri Jan 19 2018 11:03:22 GMT-0800 (PST)
34106357,11261.54000000,0.44288180,11261.53,11261.54,19344.74567415,Fri Jan 19 2018 11:03:23 GMT-0800 (PST)
34106357,11261.54000000,0.44288180,11261.53,11261.54,19344.74567415,Fri Jan 19 2018 11:03:24 GMT-0800 (PST)
34106357,11261.54000000,0.44288180,11261.53,11261.54,19344.74567415,Fri Jan 19 2018 11:03:25 GMT-0800 (PST)
34106357,11261.54000000,0.44288180,11261.53,11261.54,19344.74567415,Fri Jan 19 2018 11:03:26 GMT-0800 (PST)
34106357,11261.54000000,0.44288180,11261.53,11261.54,19344.74567415,Fri Jan 19 2018 11:03:27 GMT-0800 (PST)
34106357,11261.54000000,0.44288180,11261.53,11261.54,19344.74567415,Fri Jan 19 2018 11:03:28 GMT-0800 (PST)
34106357,11261.54000000,0.44288180,11261.53,11261.54,19344.74567415,Fri Jan 19 2018 11:03:29 GMT-0800 (PST)
34106357,11261.54000000,0.44288180,11261.53,11261.54,19344.74567415,Fri Jan 19 2018 11:03:30 GMT-0800 (PST)
34106361,11261.53000000,0.33000000,11261.53,11261.54,19344.74567415,Fri Jan 19 2018 11:03:31 GMT-0800 (PST)
34106361,11261.53000000,0.33000000,11261.53,11261.54,19344.74567415,Fri Jan 19 2018 11:03:32 GMT-0800 (PST)
34106361,11261.53000000,0.33000000,11261.53,11261.54,19344.74567415,Fri Jan 19 2018 11:03:33 GMT-0800 (PST)
34106361,11261.53000000,0.33000000,11261.53,11261.54,19344.74567415,Fri Jan 19 2018 11:03:34 GMT-0800 (PST)
34106361,11261.53000000,0.33000000,11261.53,11261.54,19344.74567415,Fri Jan 19 2018 11:03:35 GMT-0800 (PST)
34106361,11261.53000000,0.33000000,11261.53,11261.54,19344.74567415,Fri Jan 19 2018 11:03:36 GMT-0800 (PST)
34106361,11261.53000000,0.33000000,11261.53,11261.54,19344.74567415,Fri Jan 19 2018 11:03:37 GMT-0800 (PST)
34106361,11261.53000000,0.33000000,11261.53,11261.54,19344.74567415,Fri Jan 19 2018 11:03:38 GMT-0800 (PST)
34106361,11261.53000000,0.33000000,11261.53,11261.54,19344.74567415,Fri Jan 19 2018 11:03:39 GMT-0800 (PST)
34106361,11261.53000000,0.33000000,11261.53,11261.54,19344.74567415,Fri Jan 19 2018 11:03:40 GMT-0800 (PST)
34106361,11261.53000000,0.33000000,11261.53,11261.54,19344.74567415,Fri Jan 19 2018 11:03:41 GMT-0800 (PST)
34106361,11261.53000000,0.33000000,11261.53,11261.54,19344.74567415,Fri Jan 19 2018 11:03:42 GMT-0800 (PST)
34106361,11261.53000000,0.33000000,11261.53,11261.54,19344.74567415,Fri Jan 19 2018 11:03:43 GMT-0800 (PST)
34106361,11261.53000000,0.33000000,11261.53,11261.54,19344.74567415,Fri Jan 19 2018 11:03:44 GMT-0800 (PST)
34106361,11261.53000000,0.33000000,11261.53,11261.54,19344.74567415,Fri Jan 19 2018 11:03:45 GMT-0800 (PST)
34106361,11261.53000000,0.33000000,11261.53,11261.54,19344.74567415,Fri Jan 19 2018 11:03:46 GMT-0800 (PST)
34106362,11261.54000000,0.85740000,11261.53,11261.54,19344.74567415,Fri Jan 19 2018 11:03:47 GMT-0800 (PST)
34106362,11261.54000000,0.85740000,11261.53,11261.54,19344.74567415,Fri Jan 19 2018 11:03:48 GMT-0800 (PST)
34106362,11261.54000000,0.85740000,11261.53,11261.54,19311.94811932,Fri Jan 19 2018 11:03:49 GMT-0800 (PST)
34106362,11261.54000000,0.85740000,11261.53,11261.54,19311.94811932,Fri Jan 19 2018 11:03:50 GMT-0800 (PST)
34106362,11261.54000000,0.85740000,11261.53,11261.54,19311.94811932,Fri Jan 19 2018 11:03:51 GMT-0800 (PST)
34106362,11261.54000000,0.85740000,11261.53,11261.54,19311.94811932,Fri Jan 19 2018 11:03:52 GMT-0800 (PST)
34106362,11261.54000000,0.85740000,11261.53,11261.54,19311.94811932,Fri Jan 19 2018 11:03:53 GMT-0800 (PST)
34106362,11261.54000000,0.85740000,11261.53,11261.54,19311.94811932,Fri Jan 19 2018 11:03:54 GMT-0800 (PST)
34106363,11261.54000000,0.17715272,11261.53,11261.54,19311.94811932,Fri Jan 19 2018 11:03:55 GMT-0800 (PST)
34106363,11261.54000000,0.17715272,11261.53,11261.54,19311.94811932,Fri Jan 19 2018 11:03:56 GMT-0800 (PST)
34106363,11261.54000000,0.17715272,11261.53,11261.54,19311.94811932,Fri Jan 19 2018 11:03:57 GMT-0800 (PST)
34106363,11261.54000000,0.17715272,11261.53,11261.54,19311.94811932,Fri Jan 19 2018 11:03:58 GMT-0800 (PST)
34106363,11261.54000000,0.17715272,11261.53,11261.54,19311.94811932,Fri Jan 19 2018 11:03:59 GMT-0800 (PST)
34106364,11261.53000000,0.23417691,11261.53,11261.54,19311.94811932,Fri Jan 19 2018 11:04:00 GMT-0800 (PST)
34106364,11261.53000000,0.23417691,11261.53,11261.54,19311.94811932,Fri Jan 19 2018 11:04:01 GMT-0800 (PST)
34106364,11261.53000000,0.23417691,11261.53,11261.54,19311.94811932,Fri Jan 19 2018 11:04:02 GMT-0800 (PST)
34106364,11261.53000000,0.23417691,11261.53,11261.54,19311.94811932,Fri Jan 19 2018 11:04:03 GMT-0800 (PST)
34106365,11261.54000000,0.35430544,11261.53,11261.54,19311.94811932,Fri Jan 19 2018 11:04:04 GMT-0800 (PST)
34106366,11261.53000000,0.17050000,11261.53,11261.54,19311.94811932,Fri Jan 19 2018 11:04:05 GMT-0800 (PST)
34106366,11261.53000000,0.17050000,11261.53,11261.54,19311.94811932,Fri Jan 19 2018 11:04:06 GMT-0800 (PST)
34106366,11261.53000000,0.17050000,11261.53,11261.54,19311.94811932,Fri Jan 19 2018 11:04:07 GMT-0800 (PST)
34106366,11261.53000000,0.17050000,11261.53,11261.54,19311.94811932,Fri Jan 19 2018 11:04:08 GMT-0800 (PST)
34106366,11261.53000000,0.17050000,11261.53,11261.54,19311.94811932,Fri Jan 19 2018 11:04:09 GMT-0800 (PST)
34106366,11261.53000000,0.17050000,11261.53,11261.54,19311.94811932,Fri Jan 19 2018 11:04:10 GMT-0800 (PST)
34106366,11261.53000000,0.17050000,11261.53,11261.54,19311.94811932,Fri Jan 19 2018 11:04:11 GMT-0800 (PST)
34106367,11261.54000000,0.00442881,11261.53,11261.54,19311.94811932,Fri Jan 19 2018 11:04:12 GMT-0800 (PST)
34106367,11261.54000000,0.00442881,11261.53,11261.54,19311.94811932,Fri Jan 19 2018 11:04:13 GMT-0800 (PST)
34106367,11261.54000000,0.00442881,11261.53,11261.54,19311.94811932,Fri Jan 19 2018 11:04:14 GMT-0800 (PST)
34106367,11261.54000000,0.00442881,11261.53,11261.54,19311.94811932,Fri Jan 19 2018 11:04:15 GMT-0800 (PST)
34106367,11261.54000000,0.00442881,11261.53,11261.54,19311.94811932,Fri Jan 19 2018 11:04:16 GMT-0800 (PST)
34106367,11261.54000000,0.00442881,11261.53,11261.54,19311.94811932,Fri Jan 19 2018 11:04:17 GMT-0800 (PST)
34106367,11261.54000000,0.00442881,11261.53,11261.54,19311.94811932,Fri Jan 19 2018 11:04:18 GMT-0800 (PST)
34106367,11261.54000000,0.00442881,11261.53,11261.54,19311.94811932,Fri Jan 19 2018 11:04:19 GMT-0800 (PST)
34106367,11261.54000000,0.00442881,11261.53,11261.54,19311.94811932,Fri Jan 19 2018 11:04:20 GMT-0800 (PST)
34106367,11261.54000000,0.00442881,11261.53,11261.54,19311.94811932,Fri Jan 19 2018 11:04:21 GMT-0800 (PST)
34106367,11261.54000000,0.00442881,11261.53,11261.54,19311.94811932,Fri Jan 19 2018 11:04:22 GMT-0800 (PST)
34106367,11261.54000000,0.00442881,11261.53,11261.54,19311.94811932,Fri Jan 19 2018 11:04:23 GMT-0800 (PST)
34106368,11261.54000000,0.00203725,11261.53,11261.54,19311.94811932,Fri Jan 19 2018 11:04:24 GMT-0800 (PST)
34106369,11261.53000000,0.78560000,11261.53,11261.54,19311.94811932,Fri Jan 19 2018 11:04:25 GMT-0800 (PST)
34106370,11261.53000000,1.03950000,11261.53,11261.54,19311.94811932,Fri Jan 19 2018 11:04:26 GMT-0800 (PST)
34106370,11261.53000000,1.03950000,11261.53,11261.54,19311.94811932,Fri Jan 19 2018 11:04:27 GMT-0800 (PST)
34106370,11261.53000000,1.03950000,11261.53,11261.54,19311.94811932,Fri Jan 19 2018 11:04:28 GMT-0800 (PST)
34106371,11261.54000000,0.00620034,11261.53,11261.54,19311.94811932,Fri Jan 19 2018 11:04:29 GMT-0800 (PST)
34106371,11261.54000000,0.00620034,11261.53,11261.54,19311.94811932,Fri Jan 19 2018 11:04:30 GMT-0800 (PST)
34106386,11251.91000000,0.32000000,11251.9,11251.92,19311.94811932,Fri Jan 19 2018 11:04:31 GMT-0800 (PST)
34106395,11239.36000000,0.20800000,11239.36,11239.37,19311.94811932,Fri Jan 19 2018 11:04:32 GMT-0800 (PST)
34106395,11239.36000000,0.20800000,11239.36,11239.37,19311.94811932,Fri Jan 19 2018 11:04:33 GMT-0800 (PST)
34106397,11239.37000000,0.19375540,11239.36,11239.37,19311.94811932,Fri Jan 19 2018 11:04:34 GMT-0800 (PST)
34106397,11239.37000000,0.19375540,11239.36,11239.37,19311.94811932,Fri Jan 19 2018 11:04:35 GMT-0800 (PST)
34106397,11239.37000000,0.19375540,11239.36,11239.37,19311.94811932,Fri Jan 19 2018 11:04:36 GMT-0800 (PST)
34106397,11239.37000000,0.19375540,11239.36,11239.37,19311.94811932,Fri Jan 19 2018 11:04:37 GMT-0800 (PST)
34106397,11239.37000000,0.19375540,11239.36,11239.37,19311.94811932,Fri Jan 19 2018 11:04:38 GMT-0800 (PST)
34106397,11239.37000000,0.19375540,11239.36,11239.37,19311.94811932,Fri Jan 19 2018 11:04:39 GMT-0800 (PST)
34106397,11239.37000000,0.19375540,11239.36,11239.37,19311.94811932,Fri Jan 19 2018 11:04:40 GMT-0800 (PST)
34106397,11239.37000000,0.19375540,11239.36,11239.37,19311.94811932,Fri Jan 19 2018 11:04:41 GMT-0800 (PST)
34106397,11239.37000000,0.19375540,11239.36,11239.37,19311.94811932,Fri Jan 19 2018 11:04:42 GMT-0800 (PST)
34106397,11239.37000000,0.19375540,11239.36,11239.37,19311.94811932,Fri Jan 19 2018 11:04:43 GMT-0800 (PST)
34106397,11239.37000000,0.19375540,11239.36,11239.37,19311.94811932,Fri Jan 19 2018 11:04:44 GMT-0800 (PST)
34106397,11239.37000000,0.19375540,11239.36,11239.37,19311.94811932,Fri Jan 19 2018 11:04:45 GMT-0800 (PST)
34106397,11239.37000000,0.19375540,11239.36,11239.37,19311.94811932,Fri Jan 19 2018 11:04:46 GMT-0800 (PST)
34106403,11230.00000000,0.17746532,11232.45,11232.46,19311.94811932,Fri Jan 19 2018 11:04:47 GMT-0800 (PST)
34106404,11232.45000000,0.00100000,11227.02,11227.03,19311.94811932,Fri Jan 19 2018 11:04:47 GMT-0800 (PST)
34106405,11227.03000000,0.08243035,11227.02,11227.03,19311.94811932,Fri Jan 19 2018 11:04:49 GMT-0800 (PST)
34106408,11227.02000000,0.13595648,11227.02,11227.03,19311.94811932,Fri Jan 19 2018 11:04:50 GMT-0800 (PST)
34106408,11227.02000000,0.13595648,11227.02,11227.03,19311.94811932,Fri Jan 19 2018 11:04:51 GMT-0800 (PST)
34106408,11227.02000000,0.13595648,11227.02,11227.03,19311.94811932,Fri Jan 19 2018 11:04:52 GMT-0800 (PST)
34106408,11227.02000000,0.13595648,11227.02,11227.03,19311.94811932,Fri Jan 19 2018 11:04:53 GMT-0800 (PST)
34106410,11227.02000000,0.15714473,11227.02,11227.03,19311.94811932,Fri Jan 19 2018 11:04:54 GMT-0800 (PST)
34106410,11227.02000000,0.15714473,11227.02,11227.03,19311.94811932,Fri Jan 19 2018 11:04:55 GMT-0800 (PST)
34106410,11227.02000000,0.15714473,11227.02,11227.03,19311.94811932,Fri Jan 19 2018 11:04:56 GMT-0800 (PST)
34106410,11227.02000000,0.15714473,11227.02,11227.03,19311.94811932,Fri Jan 19 2018 11:04:57 GMT-0800 (PST)
34106410,11227.02000000,0.15714473,11227.02,11227.03,19311.94811932,Fri Jan 19 2018 11:04:58 GMT-0800 (PST)
34106410,11227.02000000,0.15714473,11227.02,11227.03,19311.94811932,Fri Jan 19 2018 11:04:59 GMT-0800 (PST)
34106410,11227.02000000,0.15714473,11227.02,11227.03,19311.94811932,Fri Jan 19 2018 11:05:00 GMT-0800 (PST)
34106410,11227.02000000,0.15714473,11227.02,11227.03,19311.94811932,Fri Jan 19 2018 11:05:01 GMT-0800 (PST)
34106410,11227.02000000,0.15714473,11227.02,11227.03,19311.94811932,Fri Jan 19 2018 11:05:02 GMT-0800 (PST)
34106410,11227.02000000,0.15714473,11227.02,11227.03,19311.94811932,Fri Jan 19 2018 11:05:03 GMT-0800 (PST)
34106410,11227.02000000,0.15714473,11227.02,11227.03,19311.94811932,Fri Jan 19 2018 11:05:04 GMT-0800 (PST)
34106414,11227.02000000,0.26353380,11227.02,11227.03,19311.94811932,Fri Jan 19 2018 11:05:05 GMT-0800 (PST)
34106415,11227.03000000,0.12800000,11227.02,11227.03,19311.94811932,Fri Jan 19 2018 11:05:06 GMT-0800 (PST)
34106415,11227.03000000,0.12800000,11227.02,11227.03,19311.94811932,Fri Jan 19 2018 11:05:07 GMT-0800 (PST)
34106416,11227.02000000,0.00394427,11227.02,11227.03,19311.94811932,Fri Jan 19 2018 11:05:08 GMT-0800 (PST)
34106416,11227.02000000,0.00394427,11226.68,11226.69,19311.94811932,Fri Jan 19 2018 11:05:09 GMT-0800 (PST)
34106416,11227.02000000,0.00394427,11226.66,11226.67,19311.94811932,Fri Jan 19 2018 11:05:10 GMT-0800 (PST)
34106416,11227.02000000,0.00394427,11226.66,11226.67,19311.94811932,Fri Jan 19 2018 11:05:11 GMT-0800 (PST)
34106416,11227.02000000,0.00394427,11226.66,11226.67,19311.94811932,Fri Jan 19 2018 11:05:12 GMT-0800 (PST)
34106416,11227.02000000,0.00394427,11226.66,11226.67,19311.94811932,Fri Jan 19 2018 11:05:13 GMT-0800 (PST)
34106416,11227.02000000,0.00394427,11226.66,11226.67,19311.94811932,Fri Jan 19 2018 11:05:14 GMT-0800 (PST)
34106416,11227.02000000,0.00394427,11226.66,11226.67,19311.94811932,Fri Jan 19 2018 11:05:15 GMT-0800 (PST)
34106416,11227.02000000,0.00394427,11226.66,11226.67,19311.94811932,Fri Jan 19 2018 11:05:16 GMT-0800 (PST)
34106416,11227.02000000,0.00394427,11226.66,11226.67,19311.94811932,Fri Jan 19 2018 11:05:17 GMT-0800 (PST)
34106416,11227.02000000,0.00394427,11226.66,11226.67,19311.94811932,Fri Jan 19 2018 11:05:18 GMT-0800 (PST)
34106416,11227.02000000,0.00394427,11226.66,11226.67,19311.94811932,Fri Jan 19 2018 11:05:19 GMT-0800 (PST)
34106416,11227.02000000,0.00394427,11226.66,11226.67,19311.94811932,Fri Jan 19 2018 11:05:20 GMT-0800 (PST)
34106416,11227.02000000,0.00394427,11226.66,11226.67,19311.94811932,Fri Jan 19 2018 11:05:21 GMT-0800 (PST)
34106416,11227.02000000,0.00394427,11226.66,11226.67,19311.94811932,Fri Jan 19 2018 11:05:22 GMT-0800 (PST)
34106416,11227.02000000,0.00394427,11226.66,11226.67,19311.94811932,Fri Jan 19 2018 11:05:23 GMT-0800 (PST)
34106416,11227.02000000,0.00394427,11226.66,11226.67,19311.94811932,Fri Jan 19 2018 11:05:24 GMT-0800 (PST)
34106416,11227.02000000,0.00394427,11226.66,11226.67,19311.94811932,Fri Jan 19 2018 11:05:25 GMT-0800 (PST)
34106416,11227.02000000,0.00394427,11226.66,11226.67,19311.94811932,Fri Jan 19 2018 11:05:26 GMT-0800 (PST)
34106419,11226.67000000,0.05580000,11226.66,11226.67,19314.03017559,Fri Jan 19 2018 11:05:27 GMT-0800 (PST)
34106419,11226.67000000,0.05580000,11226.66,11226.67,19314.03017559,Fri Jan 19 2018 11:05:28 GMT-0800 (PST)
34106419,11226.67000000,0.05580000,11226.66,11226.67,19314.03017559,Fri Jan 19 2018 11:05:29 GMT-0800 (PST)
34106419,11226.67000000,0.05580000,11226.66,11226.67,19314.03017559,Fri Jan 19 2018 11:05:30 GMT-0800 (PST)
34106425,11226.66000000,0.97559526,11226.66,11226.67,19314.03017559,Fri Jan 19 2018 11:05:31 GMT-0800 (PST)
34106426,11226.67000000,0.10015952,11226.66,11226.67,19314.03017559,Fri Jan 19 2018 11:05:31 GMT-0800 (PST)
34106426,11226.67000000,0.10015952,11226.66,11226.67,19314.03017559,Fri Jan 19 2018 11:05:32 GMT-0800 (PST)
34106426,11226.67000000,0.10015952,11226.66,11226.67,19314.03017559,Fri Jan 19 2018 11:05:33 GMT-0800 (PST)
34106426,11226.67000000,0.10015952,11226.66,11226.67,19314.03017559,Fri Jan 19 2018 11:05:34 GMT-0800 (PST)
34106426,11226.67000000,0.10015952,11226.66,11226.67,19314.03017559,Fri Jan 19 2018 11:05:35 GMT-0800 (PST)
34106426,11226.67000000,0.10015952,11226.66,11226.67,19314.03017559,Fri Jan 19 2018 11:05:36 GMT-0800 (PST)
34106426,11226.67000000,0.10015952,11226.66,11226.67,19314.03017559,Fri Jan 19 2018 11:05:37 GMT-0800 (PST)
34106426,11226.67000000,0.10015952,11226.66,11226.67,19314.03017559,Fri Jan 19 2018 11:05:38 GMT-0800 (PST)
34106426,11226.67000000,0.10015952,11226.66,11226.67,19314.03017559,Fri Jan 19 2018 11:05:39 GMT-0800 (PST)
34106426,11226.67000000,0.10015952,11226.66,11226.67,19314.03017559,Fri Jan 19 2018 11:05:40 GMT-0800 (PST)
34106426,11226.67000000,0.10015952,11226.66,11226.67,19314.03017559,Fri Jan 19 2018 11:05:41 GMT-0800 (PST)
34106427,11226.66000000,0.00345417,11226.66,11226.67,19314.03017559,Fri Jan 19 2018 11:05:43 GMT-0800 (PST)
34106427,11226.66000000,0.00345417,11226.66,11226.67,19314.03017559,Fri Jan 19 2018 11:05:44 GMT-0800 (PST)
34106428,11226.67000000,0.46040000,11226.66,11226.67,19314.03017559,Fri Jan 19 2018 11:05:45 GMT-0800 (PST)
34106428,11226.67000000,0.46040000,11226.66,11226.67,19314.03017559,Fri Jan 19 2018 11:05:46 GMT-0800 (PST)
34106428,11226.67000000,0.46040000,11226.66,11226.67,19314.03017559,Fri Jan 19 2018 11:05:47 GMT-0800 (PST)
34106429,11226.67000000,0.04814277,11226.66,11226.67,19314.03017559,Fri Jan 19 2018 11:05:48 GMT-0800 (PST)
34106429,11226.67000000,0.04814277,11226.66,11226.67,19314.03017559,Fri Jan 19 2018 11:05:49 GMT-0800 (PST)
34106430,11226.66000000,0.13497094,11226.66,11226.67,19314.03017559,Fri Jan 19 2018 11:05:50 GMT-0800 (PST)
34106431,11226.66000000,0.00271718,11226.66,11226.67,19314.03017559,Fri Jan 19 2018 11:05:51 GMT-0800 (PST)
34106431,11226.66000000,0.00271718,11226.66,11226.67,19314.03017559,Fri Jan 19 2018 11:05:52 GMT-0800 (PST)
34106433,11226.66000000,0.20107762,11226.66,11226.67,19314.03017559,Fri Jan 19 2018 11:05:53 GMT-0800 (PST)
34106433,11226.66000000,0.20107762,11226.66,11226.67,19314.03017559,Fri Jan 19 2018 11:05:54 GMT-0800 (PST)
34106433,11226.66000000,0.20107762,11226.66,11226.67,19314.03017559,Fri Jan 19 2018 11:05:55 GMT-0800 (PST)
34106433,11226.66000000,0.20107762,11226.66,11226.67,19314.03017559,Fri Jan 19 2018 11:05:56 GMT-0800 (PST)
34106433,11226.66000000,0.20107762,11226.66,11226.67,19314.03017559,Fri Jan 19 2018 11:05:57 GMT-0800 (PST)
34106433,11226.66000000,0.20107762,11226.66,11226.67,19314.03017559,Fri Jan 19 2018 11:05:58 GMT-0800 (PST)
34106433,11226.66000000,0.20107762,11226.66,11226.67,19314.03017559,Fri Jan 19 2018 11:05:59 GMT-0800 (PST)
34106433,11226.66000000,0.20107762,11226.66,11226.67,19314.03017559,Fri Jan 19 2018 11:06:00 GMT-0800 (PST)
34106433,11226.66000000,0.20107762,11226.66,11226.67,19314.03017559,Fri Jan 19 2018 11:06:01 GMT-0800 (PST)
34106433,11226.66000000,0.20107762,11226.66,11226.67,19314.03017559,Fri Jan 19 2018 11:06:02 GMT-0800 (PST)
34106433,11226.66000000,0.20107762,11226.66,11226.67,19314.03017559,Fri Jan 19 2018 11:06:03 GMT-0800 (PST)
34106433,11226.66000000,0.20107762,11226.66,11226.67,19314.03017559,Fri Jan 19 2018 11:06:04 GMT-0800 (PST)
34106436,11226.67000000,0.05918296,11226.66,11226.67,19314.03017559,Fri Jan 19 2018 11:06:05 GMT-0800 (PST)
34106437,11226.67000000,0.02206805,11226.66,11226.67,19314.03017559,Fri Jan 19 2018 11:06:06 GMT-0800 (PST)
34106437,11226.67000000,0.02206805,11226.66,11226.67,19314.03017559,Fri Jan 19 2018 11:06:07 GMT-0800 (PST)
34106437,11226.67000000,0.02206805,11226.66,11226.67,19314.03017559,Fri Jan 19 2018 11:06:08 GMT-0800 (PST)
34106437,11226.67000000,0.02206805,11226.66,11226.67,19314.03017559,Fri Jan 19 2018 11:06:09 GMT-0800 (PST)
34106437,11226.67000000,0.02206805,11226.66,11226.67,19314.03017559,Fri Jan 19 2018 11:06:10 GMT-0800 (PST)
34106442,11226.67000000,0.15418829,11226.66,11226.67,19314.03017559,Fri Jan 19 2018 11:06:11 GMT-0800 (PST)
34106442,11226.67000000,0.15418829,11226.66,11226.67,19314.03017559,Fri Jan 19 2018 11:06:12 GMT-0800 (PST)
34106444,11226.67000000,0.00081402,11226.66,11226.67,19314.03017559,Fri Jan 19 2018 11:06:13 GMT-0800 (PST)
34106444,11226.67000000,0.00081402,11226.66,11226.67,19314.03017559,Fri Jan 19 2018 11:06:14 GMT-0800 (PST)
34106444,11226.67000000,0.00081402,11226.66,11226.67,19314.03017559,Fri Jan 19 2018 11:06:15 GMT-0800 (PST)
34106445,11226.67000000,0.00088851,11226.66,11226.67,19314.03017559,Fri Jan 19 2018 11:06:16 GMT-0800 (PST)
34106445,11226.67000000,0.00088851,11226.66,11226.67,19314.03017559,Fri Jan 19 2018 11:06:17 GMT-0800 (PST)
34106445,11226.67000000,0.00088851,11226.66,11226.67,19314.03017559,Fri Jan 19 2018 11:06:18 GMT-0800 (PST)
34106445,11226.67000000,0.00088851,11226.66,11226.67,19314.03017559,Fri Jan 19 2018 11:06:19 GMT-0800 (PST)
34106445,11226.67000000,0.00088851,11226.66,11226.67,19314.03017559,Fri Jan 19 2018 11:06:20 GMT-0800 (PST)
34106445,11226.67000000,0.00088851,11226.66,11226.67,19314.03017559,Fri Jan 19 2018 11:06:21 GMT-0800 (PST)
34106445,11226.67000000,0.00088851,11226.66,11226.67,19314.03017559,Fri Jan 19 2018 11:06:22 GMT-0800 (PST)
34106445,11226.67000000,0.00088851,11226.66,11226.67,19314.03017559,Fri Jan 19 2018 11:06:23 GMT-0800 (PST)
34106445,11226.67000000,0.00088851,11226.66,11226.67,19314.03017559,Fri Jan 19 2018 11:06:24 GMT-0800 (PST)
34106445,11226.67000000,0.00088851,11226.66,11226.67,19314.03017559,Fri Jan 19 2018 11:06:25 GMT-0800 (PST)
34106445,11226.67000000,0.00088851,11226.66,11226.67,19314.03017559,Fri Jan 19 2018 11:06:26 GMT-0800 (PST)
34106445,11226.67000000,0.00088851,11226.66,11226.67,19314.03017559,Fri Jan 19 2018 11:06:27 GMT-0800 (PST)
34106449,11226.67000000,0.00077056,11226.66,11226.67,19314.03017559,Fri Jan 19 2018 11:06:28 GMT-0800 (PST)
34106450,11226.67000000,0.02889458,11226.66,11226.67,19314.03017559,Fri Jan 19 2018 11:06:29 GMT-0800 (PST)
34106450,11226.67000000,0.02889458,11226.66,11226.67,19314.03017559,Fri Jan 19 2018 11:06:30 GMT-0800 (PST)
34106450,11226.67000000,0.02889458,11226.66,11226.67,19314.03017559,Fri Jan 19 2018 11:06:31 GMT-0800 (PST)
34106451,11226.67000000,0.00088851,11226.66,11226.67,19314.03017559,Fri Jan 19 2018 11:06:32 GMT-0800 (PST)
34106451,11226.67000000,0.00088851,11226.66,11226.67,19314.03017559,Fri Jan 19 2018 11:06:33 GMT-0800 (PST)
34106451,11226.67000000,0.00088851,11226.66,11226.67,19314.03017559,Fri Jan 19 2018 11:06:34 GMT-0800 (PST)
34106451,11226.67000000,0.00088851,11226.66,11226.67,19314.03017559,Fri Jan 19 2018 11:06:35 GMT-0800 (PST)
34106451,11226.67000000,0.00088851,11226.66,11226.67,19314.03017559,Fri Jan 19 2018 11:06:36 GMT-0800 (PST)
34106451,11226.67000000,0.00088851,11226.66,11226.67,19314.03017559,Fri Jan 19 2018 11:06:37 GMT-0800 (PST)
34106451,11226.67000000,0.00088851,11226.66,11226.67,19314.03017559,Fri Jan 19 2018 11:06:38 GMT-0800 (PST)
34106451,11226.67000000,0.00088851,11226.66,11226.67,19314.03017559,Fri Jan 19 2018 11:06:39 GMT-0800 (PST)
34106452,11226.67000000,0.01000000,11226.66,11226.67,19314.03017559,Fri Jan 19 2018 11:06:40 GMT-0800 (PST)
34106452,11226.67000000,0.01000000,11226.66,11226.67,19314.03017559,Fri Jan 19 2018 11:06:41 GMT-0800 (PST)
34106452,11226.67000000,0.01000000,11226.66,11226.67,19314.03017559,Fri Jan 19 2018 11:06:42 GMT-0800 (PST)
34106452,11226.67000000,0.01000000,11226.66,11226.67,19314.03017559,Fri Jan 19 2018 11:06:43 GMT-0800 (PST)
34106454,11226.66000000,0.27951399,11226.66,11226.67,19314.03017559,Fri Jan 19 2018 11:06:44 GMT-0800 (PST)
34106454,11226.66000000,0.27951399,11226.66,11226.67,19314.03017559,Fri Jan 19 2018 11:06:45 GMT-0800 (PST)
34106454,11226.66000000,0.27951399,11226.66,11226.67,19314.03017559,Fri Jan 19 2018 11:06:46 GMT-0800 (PST)
34106454,11226.66000000,0.27951399,11226.66,11226.67,19314.03017559,Fri Jan 19 2018 11:06:47 GMT-0800 (PST)
34106454,11226.66000000,0.27951399,11226.66,11226.67,19314.03017559,Fri Jan 19 2018 11:06:48 GMT-0800 (PST)
34106455,11226.66000000,0.00400000,11226.66,11226.67,19314.03017559,Fri Jan 19 2018 11:06:49 GMT-0800 (PST)
34106455,11226.66000000,0.00400000,11226.66,11226.67,19314.03017559,Fri Jan 19 2018 11:06:50 GMT-0800 (PST)
34106455,11226.66000000,0.00400000,11226.66,11226.67,19314.03017559,Fri Jan 19 2018 11:06:51 GMT-0800 (PST)
34106455,11226.66000000,0.00400000,11226.66,11226.67,19314.03017559,Fri Jan 19 2018 11:06:52 GMT-0800 (PST)
34106455,11226.66000000,0.00400000,11226.66,11226.67,19314.03017559,Fri Jan 19 2018 11:06:53 GMT-0800 (PST)
34106455,11226.66000000,0.00400000,11226.66,11226.67,19314.03017559,Fri Jan 19 2018 11:06:54 GMT-0800 (PST)
34106456,11226.67000000,0.04254658,11226.66,11226.67,19314.03017559,Fri Jan 19 2018 11:06:55 GMT-0800 (PST)
34106456,11226.67000000,0.04254658,11226.66,11226.67,19314.03017559,Fri Jan 19 2018 11:06:56 GMT-0800 (PST)
34106456,11226.67000000,0.04254658,11226.66,11226.67,19314.03017559,Fri Jan 19 2018 11:06:57 GMT-0800 (PST)
34106456,11226.67000000,0.04254658,11226.66,11226.67,19314.03017559,Fri Jan 19 2018 11:06:58 GMT-0800 (PST)
34106456,11226.67000000,0.04254658,11226.66,11226.67,19314.03017559,Fri Jan 19 2018 11:06:59 GMT-0800 (PST)
34106456,11226.67000000,0.04254658,11226.66,11226.67,19314.03017559,Fri Jan 19 2018 11:07:00 GMT-0800 (PST)
34106456,11226.67000000,0.04254658,11226.66,11226.67,19314.03017559,Fri Jan 19 2018 11:07:01 GMT-0800 (PST)
34106462,11225.00000000,0.70121792,11225,11225.01,19314.03017559,Fri Jan 19 2018 11:07:02 GMT-0800 (PST)
34106462,11225.00000000,0.70121792,11225,11225.01,19314.03017559,Fri Jan 19 2018 11:07:03 GMT-0800 (PST)
34106466,11225.01000000,0.02000000,11224.54,11225.01,19314.03017559,Fri Jan 19 2018 11:07:04 GMT-0800 (PST)
34106466,11225.01000000,0.02000000,11224.83,11224.84,19314.03017559,Fri Jan 19 2018 11:07:05 GMT-0800 (PST)
34106466,11225.01000000,0.02000000,11224.83,11224.84,19314.03017559,Fri Jan 19 2018 11:07:06 GMT-0800 (PST)
34106466,11225.01000000,0.02000000,11224.83,11224.84,19314.03017559,Fri Jan 19 2018 11:07:07 GMT-0800 (PST)
34106466,11225.01000000,0.02000000,11224.83,11224.84,19301.80102436,Fri Jan 19 2018 11:07:08 GMT-0800 (PST)
34106466,11225.01000000,0.02000000,11224.83,11224.84,19301.80102436,Fri Jan 19 2018 11:07:09 GMT-0800 (PST)
34106466,11225.01000000,0.02000000,11224.83,11224.84,19301.80102436,Fri Jan 19 2018 11:07:10 GMT-0800 (PST)
34106466,11225.01000000,0.02000000,11224.83,11224.84,19301.80102436,Fri Jan 19 2018 11:07:11 GMT-0800 (PST)
34106466,11225.01000000,0.02000000,11224.83,11224.84,19301.80102436,Fri Jan 19 2018 11:07:12 GMT-0800 (PST)
34106466,11225.01000000,0.02000000,11224.83,11224.84,19301.80102436,Fri Jan 19 2018 11:07:13 GMT-0800 (PST)
34106466,11225.01000000,0.02000000,11224.83,11224.84,19301.80102436,Fri Jan 19 2018 11:07:14 GMT-0800 (PST)
34106466,11225.01000000,0.02000000,11224.83,11224.84,19301.80102436,Fri Jan 19 2018 11:07:15 GMT-0800 (PST)
34106466,11225.01000000,0.02000000,11224.83,11224.84,19301.80102436,Fri Jan 19 2018 11:07:16 GMT-0800 (PST)
34106466,11225.01000000,0.02000000,11224.83,11224.84,19301.80102436,Fri Jan 19 2018 11:07:17 GMT-0800 (PST)
34106466,11225.01000000,0.02000000,11224.83,11224.84,19301.80102436,Fri Jan 19 2018 11:07:18 GMT-0800 (PST)
34106470,11224.84000000,0.01819405,11224.83,11224.84,19301.80102436,Fri Jan 19 2018 11:07:19 GMT-0800 (PST)
34106470,11224.84000000,0.01819405,11224.83,11224.84,19301.80102436,Fri Jan 19 2018 11:07:20 GMT-0800 (PST)
34106470,11224.84000000,0.01819405,11224.83,11224.84,19301.80102436,Fri Jan 19 2018 11:07:21 GMT-0800 (PST)
34106470,11224.84000000,0.01819405,11224.83,11224.84,19301.80102436,Fri Jan 19 2018 11:07:22 GMT-0800 (PST)
34106470,11224.84000000,0.01819405,11224.83,11224.84,19301.80102436,Fri Jan 19 2018 11:07:23 GMT-0800 (PST)
34106470,11224.84000000,0.01819405,11224.83,11224.84,19301.80102436,Fri Jan 19 2018 11:07:24 GMT-0800 (PST)
34106470,11224.84000000,0.01819405,11224.83,11224.84,19301.80102436,Fri Jan 19 2018 11:07:25 GMT-0800 (PST)
34106471,11224.83000000,0.90380000,11224.83,11224.84,19301.80102436,Fri Jan 19 2018 11:07:26 GMT-0800 (PST)
34106471,11224.83000000,0.90380000,11224.83,11224.84,19301.80102436,Fri Jan 19 2018 11:07:27 GMT-0800 (PST)
34106488,11235.64000000,0.28602771,11226.67,11235.64,19301.80102436,Fri Jan 19 2018 11:07:29 GMT-0800 (PST)
34106489,11235.64000000,0.33102860,11235.63,11235.64,19301.80102436,Fri Jan 19 2018 11:07:29 GMT-0800 (PST)
34106492,11235.64000000,1.00000000,11235.63,11235.64,19301.80102436,Fri Jan 19 2018 11:07:31 GMT-0800 (PST)
34106493,11244.10000000,0.50000000,11244.1,11244.11,19301.80102436,Fri Jan 19 2018 11:07:31 GMT-0800 (PST)
34106493,11244.10000000,0.50000000,11244.1,11244.11,19301.80102436,Fri Jan 19 2018 11:07:32 GMT-0800 (PST)
34106493,11244.10000000,0.50000000,11244.1,11244.11,19301.80102436,Fri Jan 19 2018 11:07:33 GMT-0800 (PST)
34106493,11244.10000000,0.50000000,11244.1,11244.11,19301.80102436,Fri Jan 19 2018 11:07:34 GMT-0800 (PST)
34106494,11244.10000000,0.05919142,11244.1,11244.11,19301.80102436,Fri Jan 19 2018 11:07:35 GMT-0800 (PST)
34106495,11244.11000000,0.14500781,11244.1,11244.11,19301.80102436,Fri Jan 19 2018 11:07:36 GMT-0800 (PST)
34106495,11244.11000000,0.14500781,11244.1,11244.11,19301.80102436,Fri Jan 19 2018 11:07:37 GMT-0800 (PST)
34106497,11244.10000000,0.03001759,11244.1,11244.11,19301.80102436,Fri Jan 19 2018 11:07:38 GMT-0800 (PST)
34106497,11244.10000000,0.03001759,11244.1,11244.11,19301.80102436,Fri Jan 19 2018 11:07:39 GMT-0800 (PST)
34106497,11244.10000000,0.03001759,11244.1,11244.11,19301.80102436,Fri Jan 19 2018 11:07:40 GMT-0800 (PST)
34106497,11244.10000000,0.03001759,11244.1,11244.11,19301.80102436,Fri Jan 19 2018 11:07:41 GMT-0800 (PST)
34106499,11250.00000000,0.10610446,11249.99,11250,19301.80102436,Fri Jan 19 2018 11:07:42 GMT-0800 (PST)
34106499,11250.00000000,0.10610446,11249.99,11250,19301.80102436,Fri Jan 19 2018 11:07:43 GMT-0800 (PST)
34106500,11250.00000000,0.10427711,11249.99,11250,19301.80102436,Fri Jan 19 2018 11:07:44 GMT-0800 (PST)
34106500,11250.00000000,0.10427711,11249.99,11250,19301.80102436,Fri Jan 19 2018 11:07:45 GMT-0800 (PST)
34106500,11250.00000000,0.10427711,11249.99,11250,19301.80102436,Fri Jan 19 2018 11:07:46 GMT-0800 (PST)
34106501,11250.00000000,0.06920000,11249.99,11250,19301.80102436,Fri Jan 19 2018 11:07:47 GMT-0800 (PST)
34106501,11250.00000000,0.06920000,11249.99,11250,19301.80102436,Fri Jan 19 2018 11:07:48 GMT-0800 (PST)
34106506,11270.82000000,0.08319322,11270.81,11270.82,19301.80102436,Fri Jan 19 2018 11:07:50 GMT-0800 (PST)
34106506,11270.82000000,0.08319322,11270.81,11270.82,19301.80102436,Fri Jan 19 2018 11:07:51 GMT-0800 (PST)
34106506,11270.82000000,0.08319322,11270.81,11270.82,19301.80102436,Fri Jan 19 2018 11:07:52 GMT-0800 (PST)
34106506,11270.82000000,0.08319322,11270.81,11270.82,19301.80102436,Fri Jan 19 2018 11:07:53 GMT-0800 (PST)
34106507,11270.81000000,0.04363874,11270.81,11270.82,19301.80102436,Fri Jan 19 2018 11:07:53 GMT-0800 (PST)
34106507,11270.81000000,0.04363874,11270.81,11270.82,19301.80102436,Fri Jan 19 2018 11:07:54 GMT-0800 (PST)
34106507,11270.81000000,0.04363874,11270.81,11270.82,19301.80102436,Fri Jan 19 2018 11:07:55 GMT-0800 (PST)
34106507,11270.81000000,0.04363874,11270.81,11270.82,19301.80102436,Fri Jan 19 2018 11:07:56 GMT-0800 (PST)
34106507,11270.81000000,0.04363874,11270.81,11270.82,19301.80102436,Fri Jan 19 2018 11:07:57 GMT-0800 (PST)
34106507,11270.81000000,0.04363874,11270.81,11270.82,19301.80102436,Fri Jan 19 2018 11:07:58 GMT-0800 (PST)
34106508,11270.82000000,0.06875300,11270.81,11270.82,19301.80102436,Fri Jan 19 2018 11:07:59 GMT-0800 (PST)
34106508,11270.82000000,0.06875300,11270.81,11270.82,19301.80102436,Fri Jan 19 2018 11:08:00 GMT-0800 (PST)
34106508,11270.82000000,0.06875300,11270.81,11270.82,19301.80102436,Fri Jan 19 2018 11:08:01 GMT-0800 (PST)
34106508,11270.82000000,0.06875300,11270.81,11270.82,19301.80102436,Fri Jan 19 2018 11:08:02 GMT-0800 (PST)
34106508,11270.82000000,0.06875300,11270.81,11270.82,19301.80102436,Fri Jan 19 2018 11:08:03 GMT-0800 (PST)
34106508,11270.82000000,0.06875300,11270.81,11270.82,19301.80102436,Fri Jan 19 2018 11:08:04 GMT-0800 (PST)
34106508,11270.82000000,0.06875300,11270.81,11270.82,19301.80102436,Fri Jan 19 2018 11:08:05 GMT-0800 (PST)
34106508,11270.82000000,0.06875300,11270.81,11270.82,19301.80102436,Fri Jan 19 2018 11:08:06 GMT-0800 (PST)
34106509,11270.81000000,0.01104260,11270.81,11270.82,19301.80102436,Fri Jan 19 2018 11:08:07 GMT-0800 (PST)
34106510,11270.82000000,0.13275514,11270.81,11270.82,19301.80102436,Fri Jan 19 2018 11:08:08 GMT-0800 (PST)
34106510,11270.82000000,0.13275514,11270.81,11270.82,19301.80102436,Fri Jan 19 2018 11:08:09 GMT-0800 (PST)
34106512,11270.82000000,0.00157136,11270.81,11270.82,19301.80102436,Fri Jan 19 2018 11:08:10 GMT-0800 (PST)
34106514,11270.82000000,0.19049001,11270.81,11270.82,19301.80102436,Fri Jan 19 2018 11:08:11 GMT-0800 (PST)
34106518,11275.66000000,0.00064529,11275.65,11275.66,19301.80102436,Fri Jan 19 2018 11:08:12 GMT-0800 (PST)
34106525,11280.00000000,0.02196004,11279.99,11280,19301.80102436,Fri Jan 19 2018 11:08:13 GMT-0800 (PST)
34106525,11280.00000000,0.02196004,11279.99,11280,19301.80102436,Fri Jan 19 2018 11:08:14 GMT-0800 (PST)
34106525,11280.00000000,0.02196004,11279.99,11280,19301.80102436,Fri Jan 19 2018 11:08:15 GMT-0800 (PST)
34106525,11280.00000000,0.02196004,11279.99,11280,19301.80102436,Fri Jan 19 2018 11:08:16 GMT-0800 (PST)
34106525,11280.00000000,0.02196004,11279.99,11280,19301.80102436,Fri Jan 19 2018 11:08:17 GMT-0800 (PST)
34106526,11280.00000000,0.00438708,11279.99,11280,19301.80102436,Fri Jan 19 2018 11:08:18 GMT-0800 (PST)
34106526,11280.00000000,0.00438708,11279.99,11280,19301.80102436,Fri Jan 19 2018 11:08:19 GMT-0800 (PST)
34106527,11279.99000000,0.00100000,11279.99,11280,19301.80102436,Fri Jan 19 2018 11:08:20 GMT-0800 (PST)
34106531,11282.00000000,0.00250571,11281.99,11282,19301.80102436,Fri Jan 19 2018 11:08:21 GMT-0800 (PST)
34106537,11284.81000000,0.01363980,11284.8,11284.81,19301.80102436,Fri Jan 19 2018 11:08:22 GMT-0800 (PST)
34106537,11284.81000000,0.01363980,11284.8,11284.81,19301.80102436,Fri Jan 19 2018 11:08:23 GMT-0800 (PST)
34106538,11284.81000000,0.02000000,11284.8,11284.81,19301.80102436,Fri Jan 19 2018 11:08:25 GMT-0800 (PST)
34106539,11284.81000000,0.77854970,11284.8,11284.81,19301.80102436,Fri Jan 19 2018 11:08:25 GMT-0800 (PST)
34106539,11284.81000000,0.77854970,11284.8,11284.81,19301.80102436,Fri Jan 19 2018 11:08:26 GMT-0800 (PST)
34106539,11284.81000000,0.77854970,11284.8,11284.81,19301.80102436,Fri Jan 19 2018 11:08:27 GMT-0800 (PST)
34106539,11284.81000000,0.77854970,11284.8,11284.81,19301.80102436,Fri Jan 19 2018 11:08:28 GMT-0800 (PST)
34106539,11284.81000000,0.77854970,11284.8,11284.81,19301.80102436,Fri Jan 19 2018 11:08:29 GMT-0800 (PST)
34106539,11284.81000000,0.77854970,11284.8,11284.81,19301.80102436,Fri Jan 19 2018 11:08:30 GMT-0800 (PST)
34106540,11284.81000000,0.04331291,11284.8,11284.81,19301.80102436,Fri Jan 19 2018 11:08:31 GMT-0800 (PST)
34106540,11284.81000000,0.04331291,11284.8,11284.81,19301.80102436,Fri Jan 19 2018 11:08:32 GMT-0800 (PST)
34106540,11284.81000000,0.04331291,11284.8,11284.81,19301.80102436,Fri Jan 19 2018 11:08:33 GMT-0800 (PST)
34106540,11284.81000000,0.04331291,11284.8,11284.81,19301.80102436,Fri Jan 19 2018 11:08:34 GMT-0800 (PST)
34106540,11284.81000000,0.04331291,11284.8,11284.81,19301.80102436,Fri Jan 19 2018 11:08:35 GMT-0800 (PST)
34106540,11284.81000000,0.04331291,11284.8,11284.81,19301.80102436,Fri Jan 19 2018 11:08:36 GMT-0800 (PST)
34106543,11284.80000000,0.18505617,11284.8,11284.81,19301.80102436,Fri Jan 19 2018 11:08:37 GMT-0800 (PST)
34106543,11284.80000000,0.18505617,11284.8,11284.81,19301.80102436,Fri Jan 19 2018 11:08:38 GMT-0800 (PST)
34106543,11284.80000000,0.18505617,11284.8,11284.81,19301.80102436,Fri Jan 19 2018 11:08:39 GMT-0800 (PST)
34106543,11284.80000000,0.18505617,11284.8,11284.81,19301.80102436,Fri Jan 19 2018 11:08:40 GMT-0800 (PST)
34106543,11284.80000000,0.18505617,11284.8,11284.81,19301.80102436,Fri Jan 19 2018 11:08:41 GMT-0800 (PST)
34106543,11284.80000000,0.18505617,11284.8,11284.81,19301.80102436,Fri Jan 19 2018 11:08:42 GMT-0800 (PST)
34106543,11284.80000000,0.18505617,11284.8,11284.81,19301.80102436,Fri Jan 19 2018 11:08:43 GMT-0800 (PST)
34106543,11284.80000000,0.18505617,11284.8,11284.81,19301.80102436,Fri Jan 19 2018 11:08:44 GMT-0800 (PST)
34106543,11284.80000000,0.18505617,11284.8,11284.81,19301.80102436,Fri Jan 19 2018 11:08:45 GMT-0800 (PST)
34106543,11284.80000000,0.18505617,11284.8,11284.81,19301.80102436,Fri Jan 19 2018 11:08:46 GMT-0800 (PST)
34106543,11284.80000000,0.18505617,11284.8,11284.81,19308.98199350,Fri Jan 19 2018 11:08:47 GMT-0800 (PST)
34106543,11284.80000000,0.18505617,11284.8,11284.81,19308.98199350,Fri Jan 19 2018 11:08:48 GMT-0800 (PST)
34106543,11284.80000000,0.18505617,11284.8,11284.81,19308.98199350,Fri Jan 19 2018 11:08:49 GMT-0800 (PST)
34106543,11284.80000000,0.18505617,11284.8,11284.81,19308.98199350,Fri Jan 19 2018 11:08:50 GMT-0800 (PST)
34106543,11284.80000000,0.18505617,11284.8,11284.81,19308.98199350,Fri Jan 19 2018 11:08:51 GMT-0800 (PST)
34106543,11284.80000000,0.18505617,11284.8,11284.81,19308.98199350,Fri Jan 19 2018 11:08:52 GMT-0800 (PST)
34106547,11289.00000000,0.77714949,11284.8,11289,19308.98199350,Fri Jan 19 2018 11:08:54 GMT-0800 (PST)
34106548,11288.99000000,0.79235445,11288.99,11289,19308.98199350,Fri Jan 19 2018 11:08:54 GMT-0800 (PST)
34106548,11288.99000000,0.79235445,11288.99,11289,19308.98199350,Fri Jan 19 2018 11:08:55 GMT-0800 (PST)
34106548,11288.99000000,0.79235445,11288.99,11289,19308.98199350,Fri Jan 19 2018 11:08:56 GMT-0800 (PST)
34106548,11288.99000000,0.79235445,11288.99,11289,19308.98199350,Fri Jan 19 2018 11:08:57 GMT-0800 (PST)
34106548,11288.99000000,0.79235445,11288.99,11289,19308.98199350,Fri Jan 19 2018 11:08:58 GMT-0800 (PST)
34106549,11289.00000000,0.44180451,11288.99,11289,19308.98199350,Fri Jan 19 2018 11:08:59 GMT-0800 (PST)
34106549,11289.00000000,0.44180451,11288.99,11289,19308.98199350,Fri Jan 19 2018 11:09:00 GMT-0800 (PST)
34106550,11289.00000000,0.24140198,11288.99,11289,19308.98199350,Fri Jan 19 2018 11:09:01 GMT-0800 (PST)
34106550,11289.00000000,0.24140198,11288.99,11289,19308.98199350,Fri Jan 19 2018 11:09:02 GMT-0800 (PST)
34106550,11289.00000000,0.24140198,11288.99,11289,19308.98199350,Fri Jan 19 2018 11:09:03 GMT-0800 (PST)
34106551,11289.00000000,1.09894985,11288.99,11289,19308.98199350,Fri Jan 19 2018 11:09:04 GMT-0800 (PST)
34106551,11289.00000000,1.09894985,11288.99,11289,19308.98199350,Fri Jan 19 2018 11:09:05 GMT-0800 (PST)
34106551,11289.00000000,1.09894985,11288.99,11289,19308.98199350,Fri Jan 19 2018 11:09:06 GMT-0800 (PST)
34106552,11289.00000000,0.34740149,11288.99,11289,19308.98199350,Fri Jan 19 2018 11:09:07 GMT-0800 (PST)
34106552,11289.00000000,0.34740149,11288.99,11289,19308.98199350,Fri Jan 19 2018 11:09:08 GMT-0800 (PST)
34106552,11289.00000000,0.34740149,11288.99,11289,19308.98199350,Fri Jan 19 2018 11:09:09 GMT-0800 (PST)
34106552,11289.00000000,0.34740149,11288.99,11289,19308.98199350,Fri Jan 19 2018 11:09:10 GMT-0800 (PST)
34106552,11289.00000000,0.34740149,11288.99,11289,19308.98199350,Fri Jan 19 2018 11:09:11 GMT-0800 (PST)
34106552,11289.00000000,0.34740149,11288.99,11289,19308.98199350,Fri Jan 19 2018 11:09:12 GMT-0800 (PST)
34106552,11289.00000000,0.34740149,11288.99,11289,19308.98199350,Fri Jan 19 2018 11:09:13 GMT-0800 (PST)
34106552,11289.00000000,0.34740149,11288.99,11289,19308.98199350,Fri Jan 19 2018 11:09:14 GMT-0800 (PST)
34106553,11289.00000000,0.02850522,11288.99,11289,19308.98199350,Fri Jan 19 2018 11:09:15 GMT-0800 (PST)
34106553,11289.00000000,0.02850522,11288.99,11289,19308.98199350,Fri Jan 19 2018 11:09:16 GMT-0800 (PST)
34106556,11288.99000000,0.02000000,11288.99,11289,19308.98199350,Fri Jan 19 2018 11:09:17 GMT-0800 (PST)
34106556,11288.99000000,0.02000000,11288.99,11289,19308.98199350,Fri Jan 19 2018 11:09:18 GMT-0800 (PST)
34106556,11288.99000000,0.02000000,11288.99,11289,19308.98199350,Fri Jan 19 2018 11:09:19 GMT-0800 (PST)
34106556,11288.99000000,0.02000000,11288.99,11289,19308.98199350,Fri Jan 19 2018 11:09:20 GMT-0800 (PST)
34106557,11289.00000000,0.30926316,11288.99,11289,19308.98199350,Fri Jan 19 2018 11:09:21 GMT-0800 (PST)
34106573,11297.74000000,0.27147523,11288.99,11297.74,19308.98199350,Fri Jan 19 2018 11:09:23 GMT-0800 (PST)
34106574,11297.74000000,0.26487763,11297.73,11297.74,19308.98199350,Fri Jan 19 2018 11:09:23 GMT-0800 (PST)
34106574,11297.74000000,0.26487763,11297.73,11297.74,19308.98199350,Fri Jan 19 2018 11:09:24 GMT-0800 (PST)
34106574,11297.74000000,0.26487763,11297.73,11297.74,19308.98199350,Fri Jan 19 2018 11:09:25 GMT-0800 (PST)
34106574,11297.74000000,0.26487763,11297.73,11297.74,19308.98199350,Fri Jan 19 2018 11:09:26 GMT-0800 (PST)
34106574,11297.74000000,0.26487763,11297.73,11297.74,19308.98199350,Fri Jan 19 2018 11:09:27 GMT-0800 (PST)
34106574,11297.74000000,0.26487763,11297.73,11297.74,19308.98199350,Fri Jan 19 2018 11:09:28 GMT-0800 (PST)
34106574,11297.74000000,0.26487763,11297.73,11297.74,19308.98199350,Fri Jan 19 2018 11:09:29 GMT-0800 (PST)
34106574,11297.74000000,0.26487763,11297.73,11297.74,19308.98199350,Fri Jan 19 2018 11:09:30 GMT-0800 (PST)
34106575,11297.74000000,0.07266476,11297.73,11297.74,19308.98199350,Fri Jan 19 2018 11:09:32 GMT-0800 (PST)
34106575,11297.74000000,0.07266476,11297.73,11297.74,19308.98199350,Fri Jan 19 2018 11:09:33 GMT-0800 (PST)
34106575,11297.74000000,0.07266476,11297.73,11297.74,19308.98199350,Fri Jan 19 2018 11:09:34 GMT-0800 (PST)
34106575,11297.74000000,0.07266476,11297.73,11297.74,19308.98199350,Fri Jan 19 2018 11:09:35 GMT-0800 (PST)
34106577,11297.74000000,0.01179553,11297.73,11297.74,19308.98199350,Fri Jan 19 2018 11:09:35 GMT-0800 (PST)
34106581,11298.00000000,1.15123606,11297.99,11298,19308.98199350,Fri Jan 19 2018 11:09:36 GMT-0800 (PST)
34106581,11298.00000000,1.15123606,11297.99,11298,19308.98199350,Fri Jan 19 2018 11:09:37 GMT-0800 (PST)
34106581,11298.00000000,1.15123606,11297.99,11298,19308.98199350,Fri Jan 19 2018 11:09:38 GMT-0800 (PST)
34106581,11298.00000000,1.15123606,11297.99,11298,19308.98199350,Fri Jan 19 2018 11:09:39 GMT-0800 (PST)
34106581,11298.00000000,1.15123606,11297.99,11298,19308.98199350,Fri Jan 19 2018 11:09:40 GMT-0800 (PST)
34106581,11298.00000000,1.15123606,11297.99,11298,19308.98199350,Fri Jan 19 2018 11:09:41 GMT-0800 (PST)
34106581,11298.00000000,1.15123606,11297.99,11298,19308.98199350,Fri Jan 19 2018 11:09:42 GMT-0800 (PST)
34106582,11298.00000000,0.41379203,11297.99,11298,19308.98199350,Fri Jan 19 2018 11:09:43 GMT-0800 (PST)
34106584,11298.00000000,0.01000000,11297.99,11298,19308.98199350,Fri Jan 19 2018 11:09:44 GMT-0800 (PST)
34106585,11298.00000000,0.01271383,11297.99,11298,19308.98199350,Fri Jan 19 2018 11:09:45 GMT-0800 (PST)
34106586,11298.00000000,0.08829051,11297.99,11298,19308.98199350,Fri Jan 19 2018 11:09:46 GMT-0800 (PST)
34106586,11298.00000000,0.08829051,11297.99,11298,19308.98199350,Fri Jan 19 2018 11:09:47 GMT-0800 (PST)
34106586,11298.00000000,0.08829051,11297.99,11298,19308.98199350,Fri Jan 19 2018 11:09:48 GMT-0800 (PST)
34106586,11298.00000000,0.08829051,11297.99,11298,19308.98199350,Fri Jan 19 2018 11:09:49 GMT-0800 (PST)
34106586,11298.00000000,0.08829051,11297.99,11298,19308.98199350,Fri Jan 19 2018 11:09:50 GMT-0800 (PST)
34106588,11297.99000000,0.03208393,11297.99,11298,19308.98199350,Fri Jan 19 2018 11:09:51 GMT-0800 (PST)
34106588,11297.99000000,0.03208393,11297.99,11298,19308.98199350,Fri Jan 19 2018 11:09:52 GMT-0800 (PST)
34106588,11297.99000000,0.03208393,11297.99,11298,19308.98199350,Fri Jan 19 2018 11:09:53 GMT-0800 (PST)
34106588,11297.99000000,0.03208393,11297.99,11298,19308.98199350,Fri Jan 19 2018 11:09:54 GMT-0800 (PST)
34106590,11297.99000000,0.32651106,11297.99,11298,19308.98199350,Fri Jan 19 2018 11:09:55 GMT-0800 (PST)
34106590,11297.99000000,0.32651106,11297.99,11298,19308.98199350,Fri Jan 19 2018 11:09:56 GMT-0800 (PST)
34106591,11298.00000000,0.01085973,11297.99,11298,19308.98199350,Fri Jan 19 2018 11:09:57 GMT-0800 (PST)
34106591,11298.00000000,0.01085973,11297.99,11298,19308.98199350,Fri Jan 19 2018 11:09:58 GMT-0800 (PST)
34106592,11298.00000000,0.02648715,11297.99,11298,19308.98199350,Fri Jan 19 2018 11:09:59 GMT-0800 (PST)
34106593,11297.99000000,1.32290000,11297.99,11298,19308.98199350,Fri Jan 19 2018 11:10:01 GMT-0800 (PST)
34106593,11297.99000000,1.32290000,11297.99,11298,19308.98199350,Fri Jan 19 2018 11:10:02 GMT-0800 (PST)
34106594,11297.99000000,0.00147414,11297.99,11298,19308.98199350,Fri Jan 19 2018 11:10:03 GMT-0800 (PST)
34106594,11297.99000000,0.00147414,11297.99,11298,19308.98199350,Fri Jan 19 2018 11:10:04 GMT-0800 (PST)
34106594,11297.99000000,0.00147414,11297.99,11298,19308.98199350,Fri Jan 19 2018 11:10:05 GMT-0800 (PST)
34106594,11297.99000000,0.00147414,11297.99,11298,19308.98199350,Fri Jan 19 2018 11:10:06 GMT-0800 (PST)
34106594,11297.99000000,0.00147414,11297.99,11298,19308.98199350,Fri Jan 19 2018 11:10:07 GMT-0800 (PST)
34106595,11298.00000000,0.10000000,11297.99,11298,19308.98199350,Fri Jan 19 2018 11:10:08 GMT-0800 (PST)
34106595,11298.00000000,0.10000000,11297.99,11298,19308.98199350,Fri Jan 19 2018 11:10:09 GMT-0800 (PST)
34106595,11298.00000000,0.10000000,11297.99,11298,19308.98199350,Fri Jan 19 2018 11:10:10 GMT-0800 (PST)
34106596,11298.00000000,0.04948243,11297.99,11298,19308.98199350,Fri Jan 19 2018 11:10:10 GMT-0800 (PST)
34106596,11298.00000000,0.04948243,11297.99,11298,19308.98199350,Fri Jan 19 2018 11:10:11 GMT-0800 (PST)
34106596,11298.00000000,0.04948243,11297.99,11298,19308.98199350,Fri Jan 19 2018 11:10:12 GMT-0800 (PST)
34106596,11298.00000000,0.04948243,11297.99,11298,19308.98199350,Fri Jan 19 2018 11:10:13 GMT-0800 (PST)
34106596,11298.00000000,0.04948243,11297.99,11298,19308.98199350,Fri Jan 19 2018 11:10:14 GMT-0800 (PST)
34106596,11298.00000000,0.04948243,11297.99,11298,19308.98199350,Fri Jan 19 2018 11:10:15 GMT-0800 (PST)
34106601,11299.00000000,0.21093202,11298.99,11299,19308.98199350,Fri Jan 19 2018 11:10:16 GMT-0800 (PST)
34106601,11299.00000000,0.21093202,11298.99,11299,19308.98199350,Fri Jan 19 2018 11:10:17 GMT-0800 (PST)
34106603,11298.99000000,0.09982728,11298.99,11299,19308.98199350,Fri Jan 19 2018 11:10:18 GMT-0800 (PST)
34106608,11300.00000000,0.36643202,11299.99,11300,19308.98199350,Fri Jan 19 2018 11:10:19 GMT-0800 (PST)
34106609,11300.00000000,0.19877562,11299.99,11300,19308.98199350,Fri Jan 19 2018 11:10:21 GMT-0800 (PST)
34106609,11300.00000000,0.19877562,11299.99,11300,19308.98199350,Fri Jan 19 2018 11:10:22 GMT-0800 (PST)
34106609,11300.00000000,0.19877562,11299.99,11300,19308.98199350,Fri Jan 19 2018 11:10:23 GMT-0800 (PST)
34106610,11300.00000000,0.02000000,11299.99,11300,19308.98199350,Fri Jan 19 2018 11:10:23 GMT-0800 (PST)
34106610,11300.00000000,0.02000000,11299.99,11300,19308.98199350,Fri Jan 19 2018 11:10:24 GMT-0800 (PST)
34106610,11300.00000000,0.02000000,11299.99,11300,19308.98199350,Fri Jan 19 2018 11:10:25 GMT-0800 (PST)
34106611,11300.00000000,0.00264824,11299.99,11300,19308.98199350,Fri Jan 19 2018 11:10:26 GMT-0800 (PST)
34106611,11300.00000000,0.00264824,11299.99,11300,19304.66833582,Fri Jan 19 2018 11:10:27 GMT-0800 (PST)
34106611,11300.00000000,0.00264824,11299.99,11300,19304.66833582,Fri Jan 19 2018 11:10:28 GMT-0800 (PST)
34106611,11300.00000000,0.00264824,11299.99,11300,19304.66833582,Fri Jan 19 2018 11:10:29 GMT-0800 (PST)
34106611,11300.00000000,0.00264824,11299.99,11300,19304.66833582,Fri Jan 19 2018 11:10:30 GMT-0800 (PST)
34106616,11300.00000000,0.11793541,11299.99,11300,19304.66833582,Fri Jan 19 2018 11:10:32 GMT-0800 (PST)
34106617,11299.99000000,0.00177600,11299.99,11300,19304.66833582,Fri Jan 19 2018 11:10:33 GMT-0800 (PST)
34106617,11299.99000000,0.00177600,11299.99,11300,19304.66833582,Fri Jan 19 2018 11:10:34 GMT-0800 (PST)
34106619,11300.00000000,14.86545334,11299.99,11300,19304.66833582,Fri Jan 19 2018 11:10:34 GMT-0800 (PST)
34106620,11300.00000000,0.05178921,11299.99,11300,19304.66833582,Fri Jan 19 2018 11:10:35 GMT-0800 (PST)
34106622,11300.00000000,1.76549776,11299.99,11300,19304.66833582,Fri Jan 19 2018 11:10:36 GMT-0800 (PST)
34106631,11301.00000000,0.47627158,11300.99,11301,19304.66833582,Fri Jan 19 2018 11:10:37 GMT-0800 (PST)
34106633,11302.65000000,0.20357158,11302.64,11302.65,19304.66833582,Fri Jan 19 2018 11:10:38 GMT-0800 (PST)
34106637,11306.09000000,0.44342354,11302.65,11306.09,19304.66833582,Fri Jan 19 2018 11:10:40 GMT-0800 (PST)
34106637,11306.09000000,0.44342354,11306.08,11306.09,19304.66833582,Fri Jan 19 2018 11:10:41 GMT-0800 (PST)
34106637,11306.09000000,0.44342354,11306.08,11306.09,19304.66833582,Fri Jan 19 2018 11:10:42 GMT-0800 (PST)
34106642,11310.00000000,0.02166034,11309.99,11310,19304.66833582,Fri Jan 19 2018 11:10:42 GMT-0800 (PST)
34106643,11310.00000000,0.00958964,11309.99,11310,19304.66833582,Fri Jan 19 2018 11:10:43 GMT-0800 (PST)
34106658,11330.00000000,0.02885620,11329.99,11330,19304.66833582,Fri Jan 19 2018 11:10:44 GMT-0800 (PST)
34106658,11330.00000000,0.02885620,11329.99,11330,19304.66833582,Fri Jan 19 2018 11:10:45 GMT-0800 (PST)
34106658,11330.00000000,0.02885620,11329.99,11330,19304.66833582,Fri Jan 19 2018 11:10:46 GMT-0800 (PST)
34106661,11331.95000000,0.48834076,11331.94,11331.95,19304.66833582,Fri Jan 19 2018 11:10:48 GMT-0800 (PST)
34106662,11331.95000000,0.01000000,11334.34,11334.35,19304.66833582,Fri Jan 19 2018 11:10:48 GMT-0800 (PST)
34106663,11334.35000000,0.52804416,11334.34,11334.35,19304.66833582,Fri Jan 19 2018 11:10:49 GMT-0800 (PST)
34106663,11334.35000000,0.52804416,11334.34,11334.35,19304.66833582,Fri Jan 19 2018 11:10:50 GMT-0800 (PST)
34106665,11334.35000000,0.02573933,11334.34,11334.35,19304.66833582,Fri Jan 19 2018 11:10:52 GMT-0800 (PST)
34106665,11334.35000000,0.02573933,11334.34,11334.35,19304.66833582,Fri Jan 19 2018 11:10:53 GMT-0800 (PST)
34106665,11334.35000000,0.02573933,11334.34,11334.35,19304.66833582,Fri Jan 19 2018 11:10:54 GMT-0800 (PST)
34106665,11334.35000000,0.02573933,11334.34,11334.35,19304.66833582,Fri Jan 19 2018 11:10:55 GMT-0800 (PST)
34106666,11334.35000000,0.01095880,11334.34,11334.35,19304.66833582,Fri Jan 19 2018 11:10:56 GMT-0800 (PST)
34106667,11334.35000000,0.01337271,11334.34,11334.35,19304.66833582,Fri Jan 19 2018 11:10:56 GMT-0800 (PST)
34106667,11334.35000000,0.01337271,11334.34,11334.35,19304.66833582,Fri Jan 19 2018 11:10:57 GMT-0800 (PST)
34106668,11334.35000000,0.40217867,11334.34,11334.35,19304.66833582,Fri Jan 19 2018 11:10:59 GMT-0800 (PST)
34106668,11334.35000000,0.40217867,11334.34,11334.35,19304.66833582,Fri Jan 19 2018 11:11:00 GMT-0800 (PST)
34106668,11334.35000000,0.40217867,11334.34,11334.35,19304.66833582,Fri Jan 19 2018 11:11:01 GMT-0800 (PST)
34106668,11334.35000000,0.40217867,11334.34,11334.35,19304.66833582,Fri Jan 19 2018 11:11:02 GMT-0800 (PST)
34106669,11334.34000000,0.41850000,11334.34,11334.35,19304.66833582,Fri Jan 19 2018 11:11:02 GMT-0800 (PST)
34106670,11334.34000000,0.00100000,11334.34,11334.35,19304.66833582,Fri Jan 19 2018 11:11:03 GMT-0800 (PST)
34106671,11334.35000000,0.03193347,11334.34,11334.35,19304.66833582,Fri Jan 19 2018 11:11:04 GMT-0800 (PST)
34106671,11334.35000000,0.03193347,11334.34,11334.35,19304.66833582,Fri Jan 19 2018 11:11:05 GMT-0800 (PST)
34106671,11334.35000000,0.03193347,11334.34,11334.35,19304.66833582,Fri Jan 19 2018 11:11:06 GMT-0800 (PST)
34106671,11334.35000000,0.03193347,11334.34,11334.35,19304.66833582,Fri Jan 19 2018 11:11:07 GMT-0800 (PST)
34106671,11334.35000000,0.03193347,11334.34,11334.35,19304.66833582,Fri Jan 19 2018 11:11:08 GMT-0800 (PST)
34106671,11334.35000000,0.03193347,11334.34,11334.35,19304.66833582,Fri Jan 19 2018 11:11:09 GMT-0800 (PST)
34106671,11334.35000000,0.03193347,11334.34,11334.35,19304.66833582,Fri Jan 19 2018 11:11:10 GMT-0800 (PST)
34106672,11334.35000000,0.02000000,11334.34,11334.35,19304.66833582,Fri Jan 19 2018 11:11:12 GMT-0800 (PST)
34106672,11334.35000000,0.02000000,11334.34,11334.35,19304.66833582,Fri Jan 19 2018 11:11:13 GMT-0800 (PST)
34106675,11334.35000000,0.01000000,11334.34,11334.35,19304.66833582,Fri Jan 19 2018 11:11:13 GMT-0800 (PST)
34106675,11334.35000000,0.01000000,11334.34,11334.35,19304.66833582,Fri Jan 19 2018 11:11:14 GMT-0800 (PST)
34106675,11334.35000000,0.01000000,11334.34,11334.35,19304.66833582,Fri Jan 19 2018 11:11:15 GMT-0800 (PST)
34106675,11334.35000000,0.01000000,11334.34,11334.35,19304.66833582,Fri Jan 19 2018 11:11:16 GMT-0800 (PST)
34106675,11334.35000000,0.01000000,11334.34,11334.35,19304.66833582,Fri Jan 19 2018 11:11:17 GMT-0800 (PST)
34106675,11334.35000000,0.01000000,11334.34,11334.35,19304.66833582,Fri Jan 19 2018 11:11:18 GMT-0800 (PST)
34106675,11334.35000000,0.01000000,11334.34,11334.35,19304.66833582,Fri Jan 19 2018 11:11:19 GMT-0800 (PST)
34106675,11334.35000000,0.01000000,11334.34,11334.35,19304.66833582,Fri Jan 19 2018 11:11:20 GMT-0800 (PST)
34106675,11334.35000000,0.01000000,11334.34,11334.35,19304.66833582,Fri Jan 19 2018 11:11:21 GMT-0800 (PST)
34106679,11334.35000000,0.42330258,11334.34,11334.35,19304.66833582,Fri Jan 19 2018 11:11:23 GMT-0800 (PST)
34106679,11334.35000000,0.42330258,11334.34,11334.35,19304.66833582,Fri Jan 19 2018 11:11:24 GMT-0800 (PST)
34106679,11334.35000000,0.42330258,11334.34,11334.35,19304.66833582,Fri Jan 19 2018 11:11:25 GMT-0800 (PST)
34106679,11334.35000000,0.42330258,11334.34,11334.35,19304.66833582,Fri Jan 19 2018 11:11:26 GMT-0800 (PST)
34106679,11334.35000000,0.42330258,11334.34,11334.35,19304.66833582,Fri Jan 19 2018 11:11:27 GMT-0800 (PST)
34106679,11334.35000000,0.42330258,11334.34,11334.35,19304.66833582,Fri Jan 19 2018 11:11:28 GMT-0800 (PST)
34106679,11334.35000000,0.42330258,11334.34,11334.35,19304.66833582,Fri Jan 19 2018 11:11:29 GMT-0800 (PST)
34106679,11334.35000000,0.42330258,11334.34,11334.35,19304.66833582,Fri Jan 19 2018 11:11:30 GMT-0800 (PST)
34106679,11334.35000000,0.42330258,11334.34,11334.35,19304.66833582,Fri Jan 19 2018 11:11:31 GMT-0800 (PST)
34106679,11334.35000000,0.42330258,11334.34,11334.35,19304.66833582,Fri Jan 19 2018 11:11:32 GMT-0800 (PST)
34106680,11334.35000000,0.01905768,11334.34,11334.35,19304.66833582,Fri Jan 19 2018 11:11:32 GMT-0800 (PST)
34106680,11334.35000000,0.01905768,11334.34,11334.35,19304.66833582,Fri Jan 19 2018 11:11:33 GMT-0800 (PST)
34106681,11334.35000000,0.03190178,11334.34,11334.35,19304.66833582,Fri Jan 19 2018 11:11:35 GMT-0800 (PST)
34106681,11334.35000000,0.03190178,11334.34,11334.35,19304.66833582,Fri Jan 19 2018 11:11:36 GMT-0800 (PST)
34106681,11334.35000000,0.03190178,11334.34,11334.35,19304.66833582,Fri Jan 19 2018 11:11:37 GMT-0800 (PST)
34106681,11334.35000000,0.03190178,11334.34,11334.35,19304.66833582,Fri Jan 19 2018 11:11:38 GMT-0800 (PST)
34106681,11334.35000000,0.03190178,11334.34,11334.35,19304.66833582,Fri Jan 19 2018 11:11:39 GMT-0800 (PST)
34106681,11334.35000000,0.03190178,11334.34,11334.35,19304.66833582,Fri Jan 19 2018 11:11:40 GMT-0800 (PST)
34106681,11334.35000000,0.03190178,11334.34,11334.35,19304.66833582,Fri Jan 19 2018 11:11:41 GMT-0800 (PST)
34106681,11334.35000000,0.03190178,11334.34,11334.35,19304.66833582,Fri Jan 19 2018 11:11:42 GMT-0800 (PST)
34106681,11334.35000000,0.03190178,11334.34,11334.35,19304.66833582,Fri Jan 19 2018 11:11:43 GMT-0800 (PST)
34106682,11334.35000000,1.01810000,11334.34,11334.35,19304.66833582,Fri Jan 19 2018 11:11:43 GMT-0800 (PST)
34106682,11334.35000000,1.01810000,11334.34,11334.35,19304.66833582,Fri Jan 19 2018 11:11:44 GMT-0800 (PST)
34106682,11334.35000000,1.01810000,11334.34,11334.35,19304.66833582,Fri Jan 19 2018 11:11:45 GMT-0800 (PST)
34106682,11334.35000000,1.01810000,11334.34,11334.35,19304.66833582,Fri Jan 19 2018 11:11:46 GMT-0800 (PST)
34106685,11334.35000000,0.82322085,11334.34,11334.35,19304.66833582,Fri Jan 19 2018 11:11:48 GMT-0800 (PST)
34106685,11334.35000000,0.82322085,11334.34,11334.35,19304.66833582,Fri Jan 19 2018 11:11:49 GMT-0800 (PST)
34106685,11334.35000000,0.82322085,11334.34,11334.35,19304.66833582,Fri Jan 19 2018 11:11:50 GMT-0800 (PST)
34106685,11334.35000000,0.82322085,11334.34,11334.35,19304.66833582,Fri Jan 19 2018 11:11:51 GMT-0800 (PST)
34106685,11334.35000000,0.82322085,11334.34,11334.35,19304.66833582,Fri Jan 19 2018 11:11:52 GMT-0800 (PST)
34106685,11334.35000000,0.82322085,11334.34,11334.35,19304.66833582,Fri Jan 19 2018 11:11:53 GMT-0800 (PST)
34106685,11334.35000000,0.82322085,11334.34,11334.35,19304.66833582,Fri Jan 19 2018 11:11:54 GMT-0800 (PST)
34106685,11334.35000000,0.82322085,11334.34,11334.35,19304.66833582,Fri Jan 19 2018 11:11:55 GMT-0800 (PST)
34106685,11334.35000000,0.82322085,11334.34,11334.35,19304.66833582,Fri Jan 19 2018 11:11:56 GMT-0800 (PST)
34106686,11334.34000000,0.06875300,11334.34,11334.35,19304.66833582,Fri Jan 19 2018 11:11:57 GMT-0800 (PST)
34106686,11334.34000000,0.06875300,11334.34,11334.35,19304.66833582,Fri Jan 19 2018 11:11:58 GMT-0800 (PST)
34106686,11334.34000000,0.06875300,11334.34,11334.35,19304.66833582,Fri Jan 19 2018 11:11:59 GMT-0800 (PST)
34106686,11334.34000000,0.06875300,11334.34,11334.35,19304.66833582,Fri Jan 19 2018 11:12:00 GMT-0800 (PST)
34106686,11334.34000000,0.06875300,11334.34,11334.35,19304.66833582,Fri Jan 19 2018 11:12:01 GMT-0800 (PST)
34106705,11334.34000000,0.04379332,11334.34,11334.35,19304.66833582,Fri Jan 19 2018 11:12:01 GMT-0800 (PST)
34106705,11334.34000000,0.04379332,11334.34,11334.35,19304.66833582,Fri Jan 19 2018 11:12:02 GMT-0800 (PST)
34106705,11334.34000000,0.04379332,11334.34,11334.35,19304.66833582,Fri Jan 19 2018 11:12:03 GMT-0800 (PST)
34106705,11334.34000000,0.04379332,11334.34,11334.35,19304.66833582,Fri Jan 19 2018 11:12:04 GMT-0800 (PST)
34106710,11328.20000000,0.40526135,11328.2,11328.21,19304.66833582,Fri Jan 19 2018 11:12:06 GMT-0800 (PST)
34106710,11328.20000000,0.40526135,11328.2,11328.21,19320.41472937,Fri Jan 19 2018 11:12:07 GMT-0800 (PST)
34106711,11328.21000000,0.08805506,11328.2,11328.21,19320.41472937,Fri Jan 19 2018 11:12:07 GMT-0800 (PST)
34106711,11328.21000000,0.08805506,11328.2,11328.21,19320.41472937,Fri Jan 19 2018 11:12:08 GMT-0800 (PST)
34106713,11328.20000000,0.03699422,11328.2,11328.21,19320.41472937,Fri Jan 19 2018 11:12:09 GMT-0800 (PST)
34106713,11328.20000000,0.03699422,11328.2,11328.21,19320.41472937,Fri Jan 19 2018 11:12:10 GMT-0800 (PST)
34106713,11328.20000000,0.03699422,11328.2,11328.21,19320.41472937,Fri Jan 19 2018 11:12:11 GMT-0800 (PST)
34106714,11328.20000000,0.00280000,11328.2,11328.21,19320.41472937,Fri Jan 19 2018 11:12:12 GMT-0800 (PST)
34106714,11328.20000000,0.00280000,11328.2,11328.21,19320.41472937,Fri Jan 19 2018 11:12:13 GMT-0800 (PST)
34106716,11328.20000000,0.19523856,11328.2,11328.21,19320.41472937,Fri Jan 19 2018 11:12:15 GMT-0800 (PST)
34106716,11328.20000000,0.19523856,11328.2,11328.21,19320.41472937,Fri Jan 19 2018 11:12:16 GMT-0800 (PST)
34106723,11310.00000000,0.50000000,11308.83,11308.84,19320.41472937,Fri Jan 19 2018 11:12:16 GMT-0800 (PST)
34106723,11310.00000000,0.50000000,11309.84,11309.85,19320.41472937,Fri Jan 19 2018 11:12:17 GMT-0800 (PST)
34106723,11310.00000000,0.50000000,11306.35,11309.24,19320.41472937,Fri Jan 19 2018 11:12:18 GMT-0800 (PST)
34106724,11309.23000000,0.63328456,11309.23,11309.24,19320.41472937,Fri Jan 19 2018 11:12:20 GMT-0800 (PST)
34106725,11309.23000000,0.05057243,11309.23,11309.24,19320.41472937,Fri Jan 19 2018 11:12:21 GMT-0800 (PST)
34106726,11309.23000000,0.04900000,11309.23,11309.24,19320.41472937,Fri Jan 19 2018 11:12:22 GMT-0800 (PST)
34106726,11309.23000000,0.04900000,11309.23,11309.24,19320.41472937,Fri Jan 19 2018 11:12:23 GMT-0800 (PST)
34106726,11309.23000000,0.04900000,11309.23,11309.24,19320.41472937,Fri Jan 19 2018 11:12:24 GMT-0800 (PST)
34106729,11310.00000000,0.47310000,11309.23,11310,19320.41472937,Fri Jan 19 2018 11:12:25 GMT-0800 (PST)
34106729,11310.00000000,0.47310000,11309.99,11310,19320.41472937,Fri Jan 19 2018 11:12:26 GMT-0800 (PST)
34106729,11310.00000000,0.47310000,11309.99,11310,19320.41472937,Fri Jan 19 2018 11:12:27 GMT-0800 (PST)
34106729,11310.00000000,0.47310000,11309.99,11310,19320.41472937,Fri Jan 19 2018 11:12:28 GMT-0800 (PST)
34106729,11310.00000000,0.47310000,11309.99,11310,19320.41472937,Fri Jan 19 2018 11:12:29 GMT-0800 (PST)
34106729,11310.00000000,0.47310000,11309.99,11310,19320.41472937,Fri Jan 19 2018 11:12:30 GMT-0800 (PST)
34106729,11310.00000000,0.47310000,11309.99,11310,19320.41472937,Fri Jan 19 2018 11:12:31 GMT-0800 (PST)
34106729,11310.00000000,0.47310000,11309.99,11310,19320.41472937,Fri Jan 19 2018 11:12:32 GMT-0800 (PST)
34106729,11310.00000000,0.47310000,11309.99,11310,19320.41472937,Fri Jan 19 2018 11:12:33 GMT-0800 (PST)
34106730,11310.00000000,0.08819683,11309.99,11310,19320.41472937,Fri Jan 19 2018 11:12:34 GMT-0800 (PST)
34106730,11310.00000000,0.08819683,11309.99,11310,19320.41472937,Fri Jan 19 2018 11:12:35 GMT-0800 (PST)
34106730,11310.00000000,0.08819683,11309.99,11310,19320.41472937,Fri Jan 19 2018 11:12:36 GMT-0800 (PST)
34106731,11310.00000000,0.13229525,11309.99,11310,19320.41472937,Fri Jan 19 2018 11:12:37 GMT-0800 (PST)
34106731,11310.00000000,0.13229525,11309.99,11310,19320.41472937,Fri Jan 19 2018 11:12:38 GMT-0800 (PST)
34106731,11310.00000000,0.13229525,11309.99,11310,19320.41472937,Fri Jan 19 2018 11:12:39 GMT-0800 (PST)
34106731,11310.00000000,0.13229525,11309.99,11310,19320.41472937,Fri Jan 19 2018 11:12:40 GMT-0800 (PST)
34106731,11310.00000000,0.13229525,11309.99,11310,19320.41472937,Fri Jan 19 2018 11:12:41 GMT-0800 (PST)
34106731,11310.00000000,0.13229525,11309.99,11310,19320.41472937,Fri Jan 19 2018 11:12:42 GMT-0800 (PST)
34106731,11310.00000000,0.13229525,11309.99,11310,19320.41472937,Fri Jan 19 2018 11:12:43 GMT-0800 (PST)
34106732,11310.00000000,0.13193904,11309.99,11310,19320.41472937,Fri Jan 19 2018 11:12:43 GMT-0800 (PST)
34106732,11310.00000000,0.13193904,11309.99,11310,19320.41472937,Fri Jan 19 2018 11:12:44 GMT-0800 (PST)
34106732,11310.00000000,0.13193904,11309.99,11310,19320.41472937,Fri Jan 19 2018 11:12:45 GMT-0800 (PST)
34106733,11309.99000000,0.24160000,11309.99,11310,19320.41472937,Fri Jan 19 2018 11:12:46 GMT-0800 (PST)
34106734,11310.00000000,0.02218150,11309.99,11310,19320.41472937,Fri Jan 19 2018 11:12:48 GMT-0800 (PST)
34106735,11309.99000000,0.00147366,11309.99,11310,19320.41472937,Fri Jan 19 2018 11:12:48 GMT-0800 (PST)
34106735,11309.99000000,0.00147366,11309.99,11310,19320.41472937,Fri Jan 19 2018 11:12:49 GMT-0800 (PST)
34106737,11310.00000000,0.06855716,11309.99,11310,19320.41472937,Fri Jan 19 2018 11:12:51 GMT-0800 (PST)
34106737,11310.00000000,0.06855716,11309.99,11310,19320.41472937,Fri Jan 19 2018 11:12:52 GMT-0800 (PST)
34106737,11310.00000000,0.06855716,11309.99,11310,19320.41472937,Fri Jan 19 2018 11:12:53 GMT-0800 (PST)
34106737,11310.00000000,0.06855716,11309.99,11310,19320.41472937,Fri Jan 19 2018 11:12:54 GMT-0800 (PST)
34106737,11310.00000000,0.06855716,11309.99,11310,19320.41472937,Fri Jan 19 2018 11:12:55 GMT-0800 (PST)
34106737,11310.00000000,0.06855716,11309.99,11310,19320.41472937,Fri Jan 19 2018 11:12:56 GMT-0800 (PST)
34106737,11310.00000000,0.06855716,11309.99,11310,19320.41472937,Fri Jan 19 2018 11:12:57 GMT-0800 (PST)
34106737,11310.00000000,0.06855716,11309.99,11310,19320.41472937,Fri Jan 19 2018 11:12:58 GMT-0800 (PST)
34106737,11310.00000000,0.06855716,11309.99,11310,19320.41472937,Fri Jan 19 2018 11:12:59 GMT-0800 (PST)
34106739,11310.00000000,0.08479420,11309.99,11310,19320.41472937,Fri Jan 19 2018 11:13:00 GMT-0800 (PST)
34106739,11310.00000000,0.08479420,11309.99,11310,19320.41472937,Fri Jan 19 2018 11:13:01 GMT-0800 (PST)
34106739,11310.00000000,0.08479420,11309.99,11310,19320.41472937,Fri Jan 19 2018 11:13:02 GMT-0800 (PST)
34106740,11309.99000000,0.00178200,11309.99,11310,19320.41472937,Fri Jan 19 2018 11:13:03 GMT-0800 (PST)
34106742,11310.00000000,0.05887736,11309.99,11310,19320.41472937,Fri Jan 19 2018 11:13:04 GMT-0800 (PST)
34106745,11309.99000000,0.20121266,11309.99,11310,19320.41472937,Fri Jan 19 2018 11:13:05 GMT-0800 (PST)
34106746,11310.00000000,0.01000000,11309.99,11310,19320.41472937,Fri Jan 19 2018 11:13:06 GMT-0800 (PST)
34106746,11310.00000000,0.01000000,11309.99,11310,19320.41472937,Fri Jan 19 2018 11:13:07 GMT-0800 (PST)
34106746,11310.00000000,0.01000000,11309.99,11310,19320.41472937,Fri Jan 19 2018 11:13:08 GMT-0800 (PST)
34106746,11310.00000000,0.01000000,11309.99,11310,19320.41472937,Fri Jan 19 2018 11:13:09 GMT-0800 (PST)
34106747,11309.99000000,0.00100000,11309.99,11310,19320.41472937,Fri Jan 19 2018 11:13:09 GMT-0800 (PST)
34106747,11309.99000000,0.00100000,11309.99,11310,19320.41472937,Fri Jan 19 2018 11:13:10 GMT-0800 (PST)
34106747,11309.99000000,0.00100000,11309.99,11310,19320.41472937,Fri Jan 19 2018 11:13:11 GMT-0800 (PST)
34106747,11309.99000000,0.00100000,11309.99,11310,19320.41472937,Fri Jan 19 2018 11:13:12 GMT-0800 (PST)
34106747,11309.99000000,0.00100000,11309.99,11310,19320.41472937,Fri Jan 19 2018 11:13:13 GMT-0800 (PST)
34106748,11310.00000000,0.01000000,11309.99,11310,19320.41472937,Fri Jan 19 2018 11:13:15 GMT-0800 (PST)
34106749,11310.00000000,0.01501719,11309.99,11310,19320.41472937,Fri Jan 19 2018 11:13:16 GMT-0800 (PST)
34106749,11310.00000000,0.06000000,11309.99,11310,19320.41472937,Fri Jan 19 2018 11:13:17 GMT-0800 (PST)
34106750,11310.00000000,0.06000000,11309.99,11310,19320.41472937,Fri Jan 19 2018 11:13:18 GMT-0800 (PST)
34106750,11310.00000000,0.06000000,11309.99,11310,19320.41472937,Fri Jan 19 2018 11:13:19 GMT-0800 (PST)
34106750,11310.00000000,0.06000000,11309.99,11310,19320.41472937,Fri Jan 19 2018 11:13:20 GMT-0800 (PST)
34106751,11310.00000000,0.02000000,11309.99,11310,19320.41472937,Fri Jan 19 2018 11:13:21 GMT-0800 (PST)
34106751,11310.00000000,0.02000000,11309.99,11310,19320.41472937,Fri Jan 19 2018 11:13:22 GMT-0800 (PST)
34106751,11310.00000000,0.02000000,11309.99,11310,19320.41472937,Fri Jan 19 2018 11:13:23 GMT-0800 (PST)
34106751,11310.00000000,0.02000000,11309.99,11310,19320.41472937,Fri Jan 19 2018 11:13:24 GMT-0800 (PST)
34106752,11310.00000000,2.13810000,11309.99,11310,19320.41472937,Fri Jan 19 2018 11:13:25 GMT-0800 (PST)
34106754,11309.99000000,0.02460939,11309.99,11310,19320.41472937,Fri Jan 19 2018 11:13:26 GMT-0800 (PST)
34106754,11309.99000000,0.02460939,11309.99,11310,19320.41472937,Fri Jan 19 2018 11:13:27 GMT-0800 (PST)
34106754,11309.99000000,0.02460939,11309.99,11310,19320.41472937,Fri Jan 19 2018 11:13:28 GMT-0800 (PST)
34106754,11309.99000000,0.02460939,11309.99,11310,19320.41472937,Fri Jan 19 2018 11:13:29 GMT-0800 (PST)
34106754,11309.99000000,0.02460939,11309.99,11310,19320.41472937,Fri Jan 19 2018 11:13:30 GMT-0800 (PST)
34106756,11310.00000000,0.07203917,11309.99,11310,19320.41472937,Fri Jan 19 2018 11:13:31 GMT-0800 (PST)
34106756,11310.00000000,0.07203917,11309.99,11310,19320.41472937,Fri Jan 19 2018 11:13:32 GMT-0800 (PST)
34106756,11310.00000000,0.07203917,11309.99,11310,19320.41472937,Fri Jan 19 2018 11:13:33 GMT-0800 (PST)
34106758,11310.00000000,0.01000000,11309.99,11310,19320.41472937,Fri Jan 19 2018 11:13:34 GMT-0800 (PST)
34106758,11310.00000000,0.01000000,11309.99,11310,19320.41472937,Fri Jan 19 2018 11:13:35 GMT-0800 (PST)
34106758,11310.00000000,0.01000000,11309.99,11310,19320.41472937,Fri Jan 19 2018 11:13:36 GMT-0800 (PST)
34106758,11310.00000000,0.01000000,11309.99,11310,19320.41472937,Fri Jan 19 2018 11:13:37 GMT-0800 (PST)
34106758,11310.00000000,0.01000000,11309.99,11310,19320.41472937,Fri Jan 19 2018 11:13:38 GMT-0800 (PST)
34106758,11310.00000000,0.01000000,11309.99,11310,19320.41472937,Fri Jan 19 2018 11:13:39 GMT-0800 (PST)
34106758,11310.00000000,0.01000000,11309.99,11310,19320.41472937,Fri Jan 19 2018 11:13:40 GMT-0800 (PST)
34106758,11310.00000000,0.01000000,11309.99,11310,19320.41472937,Fri Jan 19 2018 11:13:41 GMT-0800 (PST)
34106758,11310.00000000,0.01000000,11309.99,11310,19320.41472937,Fri Jan 19 2018 11:13:42 GMT-0800 (PST)
34106758,11310.00000000,0.01000000,11309.99,11310,19320.41472937,Fri Jan 19 2018 11:13:43 GMT-0800 (PST)
34106758,11310.00000000,0.01000000,11309.99,11310,19320.41472937,Fri Jan 19 2018 11:13:44 GMT-0800 (PST)
34106758,11310.00000000,0.01000000,11309.99,11310,19320.41472937,Fri Jan 19 2018 11:13:45 GMT-0800 (PST)
34106758,11310.00000000,0.01000000,11309.99,11310,19320.41472937,Fri Jan 19 2018 11:13:46 GMT-0800 (PST)
34106758,11310.00000000,0.01000000,11309.99,11310,19312.34255559,Fri Jan 19 2018 11:13:47 GMT-0800 (PST)
34106758,11310.00000000,0.01000000,11309.99,11310,19312.34255559,Fri Jan 19 2018 11:13:48 GMT-0800 (PST)
34106759,11309.99000000,0.39400000,11309.99,11310,19312.34255559,Fri Jan 19 2018 11:13:49 GMT-0800 (PST)
34106759,11309.99000000,0.39400000,11309.99,11310,19312.34255559,Fri Jan 19 2018 11:13:50 GMT-0800 (PST)
34106760,11310.00000000,0.08325000,11309.99,11310,19312.34255559,Fri Jan 19 2018 11:13:51 GMT-0800 (PST)
34106760,11310.00000000,0.08325000,11309.99,11310,19312.34255559,Fri Jan 19 2018 11:13:52 GMT-0800 (PST)
34106760,11310.00000000,0.08325000,11309.99,11310,19312.34255559,Fri Jan 19 2018 11:13:53 GMT-0800 (PST)
34106760,11310.00000000,0.08325000,11309.99,11310,19312.34255559,Fri Jan 19 2018 11:13:54 GMT-0800 (PST)
34106760,11310.00000000,0.08325000,11309.99,11310,19312.34255559,Fri Jan 19 2018 11:13:55 GMT-0800 (PST)
34106760,11310.00000000,0.08325000,11309.99,11310,19312.34255559,Fri Jan 19 2018 11:13:56 GMT-0800 (PST)
34106760,11310.00000000,0.08325000,11309.99,11310,19312.34255559,Fri Jan 19 2018 11:13:57 GMT-0800 (PST)
34106760,11310.00000000,0.08325000,11309.99,11310,19312.34255559,Fri Jan 19 2018 11:13:58 GMT-0800 (PST)
34106761,11310.00000000,0.40710160,11309.99,11310,19312.34255559,Fri Jan 19 2018 11:13:59 GMT-0800 (PST)
34106768,11310.00000000,0.24040000,11310.99,11311,19312.34255559,Fri Jan 19 2018 11:14:00 GMT-0800 (PST)
34106768,11310.00000000,0.24040000,11310.99,11311,19312.34255559,Fri Jan 19 2018 11:14:01 GMT-0800 (PST)
34106769,11310.99000000,0.11613341,11310.99,11311,19312.34255559,Fri Jan 19 2018 11:14:02 GMT-0800 (PST)
34106769,11310.99000000,0.11613341,11310.99,11311,19312.34255559,Fri Jan 19 2018 11:14:03 GMT-0800 (PST)
34106769,11310.99000000,0.11613341,11310.99,11311,19312.34255559,Fri Jan 19 2018 11:14:04 GMT-0800 (PST)
34106769,11310.99000000,0.11613341,11310.99,11311,19312.34255559,Fri Jan 19 2018 11:14:05 GMT-0800 (PST)
34106769,11310.99000000,0.11613341,11310.99,11311,19312.34255559,Fri Jan 19 2018 11:14:06 GMT-0800 (PST)
34106769,11310.99000000,0.11613341,11310.99,11311,19312.34255559,Fri Jan 19 2018 11:14:07 GMT-0800 (PST)
34106769,11310.99000000,0.11613341,11310.99,11311,19312.34255559,Fri Jan 19 2018 11:14:08 GMT-0800 (PST)
34106769,11310.99000000,0.11613341,11310.99,11311,19312.34255559,Fri Jan 19 2018 11:14:09 GMT-0800 (PST)
34106769,11310.99000000,0.11613341,11310.99,11311,19312.34255559,Fri Jan 19 2018 11:14:10 GMT-0800 (PST)
34106770,11311.00000000,0.62030000,11310.99,11311,19312.34255559,Fri Jan 19 2018 11:14:11 GMT-0800 (PST)
34106772,11311.00000000,0.00088189,11310.99,11311,19312.34255559,Fri Jan 19 2018 11:14:12 GMT-0800 (PST)
34106772,11311.00000000,0.00088189,11310.99,11311,19312.34255559,Fri Jan 19 2018 11:14:13 GMT-0800 (PST)
34106781,11334.35000000,0.10867871,11314.99,11334.35,19312.34255559,Fri Jan 19 2018 11:14:14 GMT-0800 (PST)
34106781,11334.35000000,0.10867871,11334.34,11334.35,19312.34255559,Fri Jan 19 2018 11:14:15 GMT-0800 (PST)
34106781,11334.35000000,0.10867871,11334.34,11334.35,19312.34255559,Fri Jan 19 2018 11:14:16 GMT-0800 (PST)
34106783,11334.35000000,0.01000000,11334.34,11334.35,19312.34255559,Fri Jan 19 2018 11:14:17 GMT-0800 (PST)
34106784,11334.35000000,0.01794470,11334.34,11334.35,19312.34255559,Fri Jan 19 2018 11:14:17 GMT-0800 (PST)
34106785,11334.35000000,0.02000000,11334.34,11334.35,19312.34255559,Fri Jan 19 2018 11:14:19 GMT-0800 (PST)
34106785,11334.35000000,0.02000000,11334.34,11334.35,19312.34255559,Fri Jan 19 2018 11:14:20 GMT-0800 (PST)
34106786,11334.35000000,0.17601472,11334.34,11334.35,19312.34255559,Fri Jan 19 2018 11:14:20 GMT-0800 (PST)
34106786,11334.35000000,0.17601472,11334.34,11334.35,19312.34255559,Fri Jan 19 2018 11:14:21 GMT-0800 (PST)
34106786,11334.35000000,0.17601472,11334.34,11334.35,19312.34255559,Fri Jan 19 2018 11:14:22 GMT-0800 (PST)
34106786,11334.35000000,0.17601472,11334.34,11334.35,19312.34255559,Fri Jan 19 2018 11:14:23 GMT-0800 (PST)
34106786,11334.35000000,0.17601472,11334.34,11334.35,19312.34255559,Fri Jan 19 2018 11:14:24 GMT-0800 (PST)
34106786,11334.35000000,0.17601472,11334.34,11334.35,19312.34255559,Fri Jan 19 2018 11:14:25 GMT-0800 (PST)
34106786,11334.35000000,0.17601472,11334.34,11334.35,19312.34255559,Fri Jan 19 2018 11:14:26 GMT-0800 (PST)
34106786,11334.35000000,0.17601472,11334.34,11334.35,19312.34255559,Fri Jan 19 2018 11:14:27 GMT-0800 (PST)
34106788,11334.35000000,0.02510859,11334.34,11334.35,19312.34255559,Fri Jan 19 2018 11:14:28 GMT-0800 (PST)
34106789,11334.35000000,0.00088007,11334.34,11334.35,19312.34255559,Fri Jan 19 2018 11:14:30 GMT-0800 (PST)
34106789,11334.35000000,0.00088007,11334.34,11334.35,19312.34255559,Fri Jan 19 2018 11:14:31 GMT-0800 (PST)
34106789,11334.35000000,0.00088007,11334.34,11334.35,19312.34255559,Fri Jan 19 2018 11:14:32 GMT-0800 (PST)
34106789,11334.35000000,0.00088007,11334.34,11334.35,19312.34255559,Fri Jan 19 2018 11:14:33 GMT-0800 (PST)
34106789,11334.35000000,0.00088007,11334.34,11334.35,19312.34255559,Fri Jan 19 2018 11:14:34 GMT-0800 (PST)
34106790,11334.34000000,0.01980000,11334.34,11334.35,19312.34255559,Fri Jan 19 2018 11:14:34 GMT-0800 (PST)
34106790,11334.34000000,0.01980000,11334.34,11334.35,19312.34255559,Fri Jan 19 2018 11:14:35 GMT-0800 (PST)
34106790,11334.34000000,0.01980000,11334.34,11334.35,19312.34255559,Fri Jan 19 2018 11:14:36 GMT-0800 (PST)
34106790,11334.34000000,0.01980000,11334.34,11334.35,19312.34255559,Fri Jan 19 2018 11:14:37 GMT-0800 (PST)
34106790,11334.34000000,0.01980000,11334.34,11334.35,19312.34255559,Fri Jan 19 2018 11:14:38 GMT-0800 (PST)
34106790,11334.34000000,0.01980000,11334.34,11334.35,19312.34255559,Fri Jan 19 2018 11:14:39 GMT-0800 (PST)
34106793,11334.34000000,0.00100000,11334.34,11334.35,19312.34255559,Fri Jan 19 2018 11:14:41 GMT-0800 (PST)
34106793,11334.34000000,0.00100000,11334.34,11334.35,19312.34255559,Fri Jan 19 2018 11:14:42 GMT-0800 (PST)
34106793,11334.34000000,0.00100000,11334.34,11334.35,19312.34255559,Fri Jan 19 2018 11:14:43 GMT-0800 (PST)
34106794,11334.34000000,0.20000000,11334.34,11334.35,19312.34255559,Fri Jan 19 2018 11:14:44 GMT-0800 (PST)
34106794,11334.34000000,0.20000000,11334.34,11334.35,19312.34255559,Fri Jan 19 2018 11:14:45 GMT-0800 (PST)
34106794,11334.34000000,0.20000000,11334.34,11334.35,19312.34255559,Fri Jan 19 2018 11:14:46 GMT-0800 (PST)
34106795,11334.34000000,0.00438708,11334.34,11334.35,19312.34255559,Fri Jan 19 2018 11:14:46 GMT-0800 (PST)
34106795,11334.34000000,0.00438708,11334.34,11334.35,19312.34255559,Fri Jan 19 2018 11:14:47 GMT-0800 (PST)
34106795,11334.34000000,0.00438708,11334.34,11334.35,19312.34255559,Fri Jan 19 2018 11:14:48 GMT-0800 (PST)
34106795,11334.34000000,0.00438708,11334.34,11334.35,19312.34255559,Fri Jan 19 2018 11:14:49 GMT-0800 (PST)
34106795,11334.34000000,0.00438708,11334.34,11334.35,19312.34255559,Fri Jan 19 2018 11:14:50 GMT-0800 (PST)
34106795,11334.34000000,0.00438708,11334.34,11334.35,19312.34255559,Fri Jan 19 2018 11:14:51 GMT-0800 (PST)
34106795,11334.34000000,0.00438708,11334.34,11334.35,19312.34255559,Fri Jan 19 2018 11:14:52 GMT-0800 (PST)
34106795,11334.34000000,0.00438708,11334.34,11334.35,19312.34255559,Fri Jan 19 2018 11:14:53 GMT-0800 (PST)
34106795,11334.34000000,0.00438708,11334.34,11334.35,19312.34255559,Fri Jan 19 2018 11:14:54 GMT-0800 (PST)
34106814,11334.35000000,1.93690000,11334,11334.01,19312.34255559,Fri Jan 19 2018 11:14:56 GMT-0800 (PST)
34106814,11334.35000000,1.93690000,11334,11334.01,19312.34255559,Fri Jan 19 2018 11:14:57 GMT-0800 (PST)
34106814,11334.35000000,1.93690000,11334,11334.01,19312.34255559,Fri Jan 19 2018 11:14:58 GMT-0800 (PST)
34106814,11334.35000000,1.93690000,11334,11334.01,19312.34255559,Fri Jan 19 2018 11:14:59 GMT-0800 (PST)
34106814,11334.35000000,1.93690000,11334,11334.01,19312.34255559,Fri Jan 19 2018 11:15:00 GMT-0800 (PST)
34106816,11334.00000000,0.02041750,11334,11334.01,19312.34255559,Fri Jan 19 2018 11:15:00 GMT-0800 (PST)
34106817,11334.01000000,0.00227945,11334,11334.01,19312.34255559,Fri Jan 19 2018 11:15:02 GMT-0800 (PST)
34106817,11334.01000000,0.00227945,11334,11334.01,19312.34255559,Fri Jan 19 2018 11:15:03 GMT-0800 (PST)
34106817,11334.01000000,0.00227945,11334,11334.01,19312.34255559,Fri Jan 19 2018 11:15:04 GMT-0800 (PST)
34106824,11317.55000000,0.12064778,11320,11328.98,19312.34255559,Fri Jan 19 2018 11:15:05 GMT-0800 (PST)
34106825,11322.69000000,0.00376220,11322.68,11322.69,19312.34255559,Fri Jan 19 2018 11:15:06 GMT-0800 (PST)
34106826,11322.68000000,0.00579197,11322.68,11322.69,19312.34255559,Fri Jan 19 2018 11:15:06 GMT-0800 (PST)
34106826,11322.68000000,0.00579197,11322.68,11322.69,19312.34255559,Fri Jan 19 2018 11:15:07 GMT-0800 (PST)
34106826,11322.68000000,0.00579197,11322.68,11322.69,19312.34255559,Fri Jan 19 2018 11:15:08 GMT-0800 (PST)
34106827,11322.69000000,0.02988754,11322.68,11322.69,19312.34255559,Fri Jan 19 2018 11:15:10 GMT-0800 (PST)
34106827,11322.69000000,0.02988754,11322.68,11322.69,19312.34255559,Fri Jan 19 2018 11:15:11 GMT-0800 (PST)
34106827,11322.69000000,0.02988754,11322.68,11322.69,19312.34255559,Fri Jan 19 2018 11:15:12 GMT-0800 (PST)
34106827,11322.69000000,0.02988754,11322.68,11322.69,19312.34255559,Fri Jan 19 2018 11:15:13 GMT-0800 (PST)
34106827,11322.69000000,0.02988754,11322.68,11322.69,19312.34255559,Fri Jan 19 2018 11:15:14 GMT-0800 (PST)
34106827,11322.69000000,0.02988754,11322.68,11322.69,19312.34255559,Fri Jan 19 2018 11:15:15 GMT-0800 (PST)
34106827,11322.69000000,0.02988754,11322.68,11322.69,19312.34255559,Fri Jan 19 2018 11:15:16 GMT-0800 (PST)
34106827,11322.69000000,0.02988754,11322.68,11322.69,19312.34255559,Fri Jan 19 2018 11:15:17 GMT-0800 (PST)
34106829,11322.69000000,0.64608754,11322.68,11322.69,19312.34255559,Fri Jan 19 2018 11:15:18 GMT-0800 (PST)
34106841,11310.00000000,0.42673162,11310,11311.37,19312.34255559,Fri Jan 19 2018 11:15:19 GMT-0800 (PST)
34106843,11311.12000000,0.00541467,11311.11,11311.12,19312.34255559,Fri Jan 19 2018 11:15:20 GMT-0800 (PST)
34106844,11311.11000000,0.00100000,11311.11,11311.12,19312.34255559,Fri Jan 19 2018 11:15:20 GMT-0800 (PST)
34106844,11311.11000000,0.00100000,11311.11,11311.12,19312.34255559,Fri Jan 19 2018 11:15:21 GMT-0800 (PST)
34106844,11311.11000000,0.00100000,11311.11,11311.12,19312.34255559,Fri Jan 19 2018 11:15:22 GMT-0800 (PST)
34106846,11311.12000000,0.00641498,11311.11,11311.12,19312.34255559,Fri Jan 19 2018 11:15:24 GMT-0800 (PST)
34106846,11311.12000000,0.00641498,11311.11,11311.12,19312.34255559,Fri Jan 19 2018 11:15:25 GMT-0800 (PST)
34106846,11311.12000000,0.00641498,11311.11,11311.12,19312.34255559,Fri Jan 19 2018 11:15:26 GMT-0800 (PST)
34106849,11311.11000000,0.04500000,11311.11,11311.12,19312.34255559,Fri Jan 19 2018 11:15:26 GMT-0800 (PST)
34106849,11311.11000000,0.04500000,11311.11,11311.12,19315.89864412,Fri Jan 19 2018 11:15:27 GMT-0800 (PST)
34106849,11311.11000000,0.04500000,11311.11,11311.12,19315.89864412,Fri Jan 19 2018 11:15:28 GMT-0800 (PST)
34106849,11311.11000000,0.04500000,11311.11,11311.12,19315.89864412,Fri Jan 19 2018 11:15:29 GMT-0800 (PST)
34106852,11311.12000000,0.00990410,11311.11,11311.12,19315.89864412,Fri Jan 19 2018 11:15:31 GMT-0800 (PST)
34106855,11311.12000000,0.00074392,11311.11,11311.12,19315.89864412,Fri Jan 19 2018 11:15:32 GMT-0800 (PST)
