datatrade_id,dataprice, datasize, databid, dataask, datavolume, datatime

<<<<<<< HEAD

33969668,10918.02000000,0.03260000,10901.06,10918.01,60149.50895531,2018-01-18T08:14:13.809000Z
33969668,10918.02000000,0.03260000,10901.06,10905.15,60149.50895531,2018-01-18T08:14:13.809000Z
33969668,10918.02000000,0.03260000,10901.06,10901.07,60149.50895531,2018-01-18T08:14:13.809000Z
33969668,10918.02000000,0.03260000,10901.06,10901.07,60149.50895531,2018-01-18T08:14:13.809000Z
33969668,10918.02000000,0.03260000,10901.06,10901.07,60149.50895531,2018-01-18T08:14:13.809000Z
33969668,10918.02000000,0.03260000,10901.06,10901.07,60149.50895531,2018-01-18T08:14:13.809000Z
33969668,10918.02000000,0.03260000,10901.06,10901.07,60149.50895531,2018-01-18T08:14:13.809000Z
33969671,10901.07000000,0.00457526,10890.16,10901.07,60149.50895531,2018-01-18T08:14:20.595000Z
33969674,10879.91000000,0.01000000,10879.91,10890,60149.50895531,2018-01-18T08:14:21.961000Z
33969677,10889.98000000,0.01628839,10879.91,10889.96,60149.50895531,2018-01-18T08:14:22.367000Z
33969678,10879.92000000,0.01777492,10879.91,10879.92,60149.50895531,2018-01-18T08:14:23.197000Z
33969678,10879.92000000,0.01777492,10879.91,10879.92,60149.50895531,2018-01-18T08:14:23.197000Z
33969678,10879.92000000,0.01777492,10879.91,10879.92,60149.50895531,2018-01-18T08:14:23.197000Z
33969678,10879.92000000,0.01777492,10879.91,10879.92,60149.50895531,2018-01-18T08:14:23.197000Z
33969678,10879.92000000,0.01777492,10879.91,10879.92,60149.50895531,2018-01-18T08:14:23.197000Z
33969679,10879.92000000,0.01000000,10879.91,10879.92,60149.50895531,2018-01-18T08:14:27.672000Z
33969679,10879.92000000,0.01000000,10879.91,10879.92,60149.50895531,2018-01-18T08:14:27.672000Z
33969679,10879.92000000,0.01000000,10879.91,10879.92,60149.50895531,2018-01-18T08:14:27.672000Z
33969679,10879.92000000,0.01000000,10879.91,10879.92,60149.50895531,2018-01-18T08:14:27.672000Z
33969679,10879.92000000,0.01000000,10875,10879.91,60149.50895531,2018-01-18T08:14:27.672000Z
33969679,10879.92000000,0.01000000,10879.88,10879.89,60149.50895531,2018-01-18T08:14:27.672000Z
33969689,10856.52000000,0.08255900,10856.48,10875,60149.50895531,2018-01-18T08:14:33.776000Z
33969690,10864.33000000,0.59507648,10856.48,10865.74,60149.50895531,2018-01-18T08:14:35.365000Z
33969692,10879.91000000,0.00267585,10872.81,10879.91,60149.50895531,2018-01-18T08:14:36.601000Z
33969692,10879.91000000,0.00267585,10865.73,10879.86,60149.50895531,2018-01-18T08:14:36.601000Z
33969692,10879.91000000,0.00267585,10865.73,10879.85,60149.50895531,2018-01-18T08:14:36.601000Z
33969692,10879.91000000,0.00267585,10865.73,10879.84,60149.50895531,2018-01-18T08:14:36.601000Z
33969692,10879.91000000,0.00267585,10865.73,10879.83,60149.50895531,2018-01-18T08:14:36.601000Z
33969692,10879.91000000,0.00267585,10865.73,10879.83,60149.50895531,2018-01-18T08:14:36.601000Z
33969692,10879.91000000,0.00267585,10865.73,10879.81,60149.50895531,2018-01-18T08:14:36.601000Z
33969692,10879.91000000,0.00267585,10872.05,10879.81,60149.50895531,2018-01-18T08:14:36.601000Z
33969692,10879.91000000,0.00267585,10872.05,10872.06,60149.50895531,2018-01-18T08:14:36.601000Z
33969693,10872.05000000,0.20000000,10864.62,10864.63,60149.50895531,2018-01-18T08:14:44.941000Z
33969694,10864.62000000,0.03000000,10855.67,10864.62,60149.50895531,2018-01-18T08:14:46.817000Z
33969694,10864.62000000,0.03000000,10855.67,10855.68,60149.50895531,2018-01-18T08:14:46.817000Z
33969694,10864.62000000,0.03000000,10855.67,10855.68,60149.50895531,2018-01-18T08:14:46.817000Z
33969694,10864.62000000,0.03000000,10855.67,10855.68,60149.50895531,2018-01-18T08:14:46.817000Z
33969694,10864.62000000,0.03000000,10855.67,10855.68,60149.50895531,2018-01-18T08:14:46.817000Z
33969695,10855.67000000,0.01283170,10855.67,10855.68,60149.50895531,2018-01-18T08:14:51.528000Z
33969695,10855.67000000,0.01283170,10855.67,10855.68,60149.50895531,2018-01-18T08:14:51.528000Z
33969696,10855.67000000,0.14880000,10855.67,10855.68,60149.50895531,2018-01-18T08:14:53.796000Z
33969696,10855.67000000,0.14880000,10855.67,10855.68,60149.50895531,2018-01-18T08:14:53.796000Z
33969696,10855.67000000,0.14880000,10855.67,10855.68,60149.50895531,2018-01-18T08:14:53.796000Z
33969696,10855.67000000,0.14880000,10855.67,10855.68,60149.50895531,2018-01-18T08:14:53.796000Z
33969698,10855.68000000,0.05710775,10855.67,10855.68,60149.50895531,2018-01-18T08:14:57.099000Z
33969698,10855.68000000,0.05710775,10855.67,10855.68,60149.50895531,2018-01-18T08:14:57.099000Z
33969698,10855.68000000,0.05710775,10855.67,10855.68,60149.50895531,2018-01-18T08:14:57.099000Z
33969698,10855.68000000,0.05710775,10855.69,10868.4,60149.50895531,2018-01-18T08:14:57.099000Z
33969698,10855.68000000,0.05710775,10868.39,10868.4,60149.50895531,2018-01-18T08:14:57.099000Z
33969698,10855.68000000,0.05710775,10868.39,10868.4,60149.50895531,2018-01-18T08:14:57.099000Z
33969698,10855.68000000,0.05710775,10868.39,10868.4,60149.50895531,2018-01-18T08:14:57.099000Z
33969700,10868.39000000,0.35970000,10855.68,10865.85,60149.50895531,2018-01-18T08:15:04.242000Z
33969700,10868.39000000,0.35970000,10855.68,10863.03,60149.50895531,2018-01-18T08:15:04.242000Z
33969700,10868.39000000,0.35970000,10863.02,10863.03,60149.50895531,2018-01-18T08:15:04.242000Z
33969700,10868.39000000,0.35970000,10863.02,10863.03,60149.50895531,2018-01-18T08:15:04.242000Z
33969700,10868.39000000,0.35970000,10863.02,10863.03,60149.50895531,2018-01-18T08:15:04.242000Z
33969701,10863.03000000,0.02110000,10863.02,10863.03,60149.50895531,2018-01-18T08:15:09.641000Z
33969702,10863.03000000,0.09180000,10863.02,10863.03,60149.50895531,2018-01-18T08:15:10.055000Z
33969702,10863.03000000,0.09180000,10863.02,10863.03,60149.50895531,2018-01-18T08:15:10.055000Z
33969702,10863.03000000,0.09180000,10863.02,10863.03,60149.50895531,2018-01-18T08:15:10.055000Z
33969703,10863.02000000,0.38050000,10863.02,10863.03,60149.50895531,2018-01-18T08:15:12.874000Z
33969703,10863.02000000,0.38050000,10863.02,10863.03,60149.50895531,2018-01-18T08:15:12.874000Z
33969704,10863.03000000,0.01814447,10863.02,10863.03,60149.50895531,2018-01-18T08:15:15.123000Z
33969705,10863.03000000,0.02561850,10863.02,10863.03,60149.50895531,2018-01-18T08:15:15.907000Z
33969705,10863.03000000,0.02561850,10863.02,10863.03,60149.50895531,2018-01-18T08:15:15.907000Z
33969705,10863.03000000,0.02561850,10863.02,10863.03,60149.50895531,2018-01-18T08:15:15.907000Z
33969705,10863.03000000,0.02561850,10863.02,10863.03,60149.50895531,2018-01-18T08:15:15.907000Z
33969705,10863.03000000,0.02561850,10863.02,10863.03,60068.00992905,2018-01-18T08:15:15.907000Z
33969705,10863.03000000,0.02561850,10863.02,10863.03,60068.00992905,2018-01-18T08:15:15.907000Z
33969705,10863.03000000,0.02561850,10863.02,10863.03,60068.00992905,2018-01-18T08:15:15.907000Z
33969705,10863.03000000,0.02561850,10863.02,10863.03,60068.00992905,2018-01-18T08:15:15.907000Z
33969705,10863.03000000,0.02561850,10863.02,10863.03,60068.00992905,2018-01-18T08:15:15.907000Z
33969705,10863.03000000,0.02561850,10863.02,10863.03,60068.00992905,2018-01-18T08:15:15.907000Z
33969705,10863.03000000,0.02561850,10863.02,10863.03,60068.00992905,2018-01-18T08:15:15.907000Z
33969705,10863.03000000,0.02561850,10863.02,10863.03,60068.00992905,2018-01-18T08:15:15.907000Z
33969705,10863.03000000,0.02561850,10863.02,10863.03,60068.00992905,2018-01-18T08:15:15.907000Z
33969705,10863.03000000,0.02561850,10863.02,10863.03,60068.00992905,2018-01-18T08:15:15.907000Z
33969705,10863.03000000,0.02561850,10863.02,10863.03,60068.00992905,2018-01-18T08:15:15.907000Z
33969705,10863.03000000,0.02561850,10863.02,10863.03,60068.00992905,2018-01-18T08:15:15.907000Z
33969705,10863.03000000,0.02561850,10863.02,10863.03,60068.00992905,2018-01-18T08:15:15.907000Z
33969705,10863.03000000,0.02561850,10863.02,10863.03,60068.00992905,2018-01-18T08:15:15.907000Z
33969708,10863.03000000,0.02080000,10863.02,10863.03,60068.00992905,2018-01-18T08:15:34.847000Z
33969708,10863.03000000,0.02080000,10863.02,10863.03,60068.00992905,2018-01-18T08:15:34.847000Z
33969708,10863.03000000,0.02080000,10863.02,10863.03,60068.00992905,2018-01-18T08:15:34.847000Z
33969709,10863.02000000,0.00700000,10863.02,10863.03,60068.00992905,2018-01-18T08:15:37.344000Z
33969709,10863.02000000,0.00700000,10863.02,10863.03,60068.00992905,2018-01-18T08:15:37.344000Z
33969709,10863.02000000,0.00700000,10863.02,10863.03,60068.00992905,2018-01-18T08:15:37.344000Z
33969709,10863.02000000,0.00700000,10863.02,10863.03,60068.00992905,2018-01-18T08:15:37.344000Z
33969709,10863.02000000,0.00700000,10863.02,10863.03,60068.00992905,2018-01-18T08:15:37.344000Z
33969709,10863.02000000,0.00700000,10863.02,10863.03,60068.00992905,2018-01-18T08:15:37.344000Z
33969709,10863.02000000,0.00700000,10863.02,10863.03,60068.00992905,2018-01-18T08:15:37.344000Z
33969709,10863.02000000,0.00700000,10863.02,10863.03,60068.00992905,2018-01-18T08:15:37.344000Z
33969710,10863.02000000,0.02135742,10863.02,10863.03,60068.00992905,2018-01-18T08:15:45.469000Z
33969710,10863.02000000,0.02135742,10863.02,10863.03,60068.00992905,2018-01-18T08:15:45.469000Z
33969710,10863.02000000,0.02135742,10863.02,10863.03,60068.00992905,2018-01-18T08:15:45.469000Z
33969710,10863.02000000,0.02135742,10863.02,10863.03,60068.00992905,2018-01-18T08:15:45.469000Z
33969710,10863.02000000,0.02135742,10863.02,10863.03,60068.00992905,2018-01-18T08:15:45.469000Z
33969710,10863.02000000,0.02135742,10863.02,10863.03,60068.00992905,2018-01-18T08:15:45.469000Z
33969710,10863.02000000,0.02135742,10863.02,10863.03,60068.00992905,2018-01-18T08:15:45.469000Z
33969710,10863.02000000,0.02135742,10863.02,10863.03,60068.00992905,2018-01-18T08:15:45.469000Z
33969710,10863.02000000,0.02135742,10863.02,10863.03,60068.00992905,2018-01-18T08:15:45.469000Z
33969710,10863.02000000,0.02135742,10863.02,10863.03,60068.00992905,2018-01-18T08:15:45.469000Z
33969714,10863.02000000,0.32395894,10863.02,10863.03,60068.00992905,2018-01-18T08:15:55.198000Z
33969714,10863.02000000,0.32395894,10863.02,10863.03,60068.00992905,2018-01-18T08:15:55.198000Z
33969714,10863.02000000,0.32395894,10863.02,10863.03,60068.00992905,2018-01-18T08:15:55.198000Z
33969714,10863.02000000,0.32395894,10863.02,10863.03,60068.00992905,2018-01-18T08:15:55.198000Z
33969714,10863.02000000,0.32395894,10863.02,10863.03,60068.00992905,2018-01-18T08:15:55.198000Z
33969714,10863.02000000,0.32395894,10863.02,10863.03,60068.00992905,2018-01-18T08:15:55.198000Z
33969714,10863.02000000,0.32395894,10863.02,10863.03,60068.00992905,2018-01-18T08:15:55.198000Z
33969714,10863.02000000,0.32395894,10863.02,10863.03,60068.00992905,2018-01-18T08:15:55.198000Z
33969715,10863.03000000,0.07480000,10863.02,10863.03,60068.00992905,2018-01-18T08:16:03.442000Z
33969715,10863.03000000,0.07480000,10863.02,10863.03,60068.00992905,2018-01-18T08:16:03.442000Z
33969739,10825.81000000,0.01348545,10853.51,10853.52,60068.00992905,2018-01-18T08:16:05.208000Z
33969739,10825.81000000,0.01348545,10835.24,10853.49,60068.00992905,2018-01-18T08:16:05.208000Z
33969739,10825.81000000,0.01348545,10835.24,10853.45,60068.00992905,2018-01-18T08:16:05.208000Z
33969739,10825.81000000,0.01348545,10835.24,10853.38,60068.00992905,2018-01-18T08:16:05.208000Z
33969741,10853.36000000,0.20315125,10835.24,10853.34,60068.00992905,2018-01-18T08:16:09.480000Z
33969741,10853.36000000,0.20315125,10835.52,10842.52,60068.00992905,2018-01-18T08:16:09.480000Z
33969741,10853.36000000,0.20315125,10842.12,10842.13,60068.00992905,2018-01-18T08:16:09.480000Z
33969741,10853.36000000,0.20315125,10842.08,10842.12,60068.00992905,2018-01-18T08:16:09.480000Z
33969741,10853.36000000,0.20315125,10829.99,10830,60068.00992905,2018-01-18T08:16:09.480000Z
33969741,10853.36000000,0.20315125,10829.99,10830,60068.00992905,2018-01-18T08:16:09.480000Z
33969742,10830.00000000,0.21240000,10829.99,10830,60068.00992905,2018-01-18T08:16:15.599000Z
33969742,10830.00000000,0.21240000,10829.99,10830,60068.00992905,2018-01-18T08:16:15.599000Z
33969742,10830.00000000,0.21240000,10829.99,10830,60068.00992905,2018-01-18T08:16:15.599000Z
33969742,10830.00000000,0.21240000,10829.99,10830,60068.00992905,2018-01-18T08:16:15.599000Z
33969742,10830.00000000,0.21240000,10829.99,10830,60068.00992905,2018-01-18T08:16:15.599000Z
33969742,10830.00000000,0.21240000,10829.99,10830,60068.00992905,2018-01-18T08:16:15.599000Z
33969742,10830.00000000,0.21240000,10829.99,10830,60068.00992905,2018-01-18T08:16:15.599000Z
33969742,10830.00000000,0.21240000,10829.99,10830,60068.00992905,2018-01-18T08:16:15.599000Z
33969743,10830.00000000,0.01284827,10829.99,10830,60068.00992905,2018-01-18T08:16:23.558000Z
33969743,10830.00000000,0.01284827,10829.99,10830,60068.00992905,2018-01-18T08:16:23.558000Z
33969743,10830.00000000,0.01284827,10829.99,10830,60068.00992905,2018-01-18T08:16:23.558000Z
33969743,10830.00000000,0.01284827,10829.99,10830,60068.00992905,2018-01-18T08:16:23.558000Z
33969743,10830.00000000,0.01284827,10829.99,10830,60068.00992905,2018-01-18T08:16:23.558000Z
33969743,10830.00000000,0.01284827,10829.99,10830,60068.00992905,2018-01-18T08:16:23.558000Z
33969743,10830.00000000,0.01284827,10829.99,10830,60068.00992905,2018-01-18T08:16:23.558000Z
33969743,10830.00000000,0.01284827,10829.99,10830,60068.00992905,2018-01-18T08:16:23.558000Z
33969743,10830.00000000,0.01284827,10829.99,10830,60068.00992905,2018-01-18T08:16:23.558000Z
33969743,10830.00000000,0.01284827,10829.99,10830,60068.00992905,2018-01-18T08:16:23.558000Z
33969743,10830.00000000,0.01284827,10829.99,10830,60068.00992905,2018-01-18T08:16:23.558000Z
33969743,10830.00000000,0.01284827,10829.99,10830,60068.00992905,2018-01-18T08:16:23.558000Z
33969751,10818.71000000,0.00199788,10818.71,10818.72,60068.00992905,2018-01-18T08:16:35.302000Z
33969751,10818.71000000,0.00199788,10818.71,10818.72,60068.00992905,2018-01-18T08:16:35.302000Z
33969751,10818.71000000,0.00199788,10818.71,10818.72,60068.00992905,2018-01-18T08:16:35.302000Z
33969751,10818.71000000,0.00199788,10818.71,10818.72,60068.00992905,2018-01-18T08:16:35.302000Z
33969751,10818.71000000,0.00199788,10818.71,10818.72,60068.00992905,2018-01-18T08:16:35.302000Z
33969751,10818.71000000,0.00199788,10818.71,10818.72,60068.00992905,2018-01-18T08:16:35.302000Z
33969784,10791.22000000,0.23772850,10818.71,10818.72,60068.00992905,2018-01-18T08:16:41.462000Z
33969785,10818.71000000,0.03222218,10807.84,10818.7,60068.00992905,2018-01-18T08:16:42.441000Z
33969785,10818.71000000,0.03222218,10807.84,10818.71,60068.00992905,2018-01-18T08:16:42.441000Z
33969787,10807.84000000,0.17668817,10818.71,10818.72,60068.00992905,2018-01-18T08:16:44.453000Z
33969798,10786.87000000,3.81668817,10786.87,10786.88,60068.00992905,2018-01-18T08:16:45.304000Z
33969799,10818.68000000,0.13841937,10812.63,10818.68,60068.00992905,2018-01-18T08:16:46.466000Z
33969799,10818.68000000,0.13841937,10812.63,10812.64,60068.00992905,2018-01-18T08:16:46.466000Z
33969799,10818.68000000,0.13841937,10812.63,10812.64,60068.00992905,2018-01-18T08:16:46.466000Z
33969799,10818.68000000,0.13841937,10812.63,10812.64,60068.00992905,2018-01-18T08:16:46.466000Z
33969799,10818.68000000,0.13841937,10812.63,10812.64,60068.00992905,2018-01-18T08:16:46.466000Z
33969799,10818.68000000,0.13841937,10812.63,10812.64,60068.00992905,2018-01-18T08:16:46.466000Z
33969799,10818.68000000,0.13841937,10812.63,10812.64,60068.00992905,2018-01-18T08:16:46.466000Z
33969799,10818.68000000,0.13841937,10812.63,10812.64,60068.00992905,2018-01-18T08:16:46.466000Z
33969799,10818.68000000,0.13841937,10812.63,10812.64,60068.00992905,2018-01-18T08:16:46.466000Z
33969799,10818.68000000,0.13841937,10812.63,10812.64,60068.00992905,2018-01-18T08:16:46.466000Z
33969799,10818.68000000,0.13841937,10812.63,10812.64,60068.00992905,2018-01-18T08:16:46.466000Z
33969799,10818.68000000,0.13841937,10812.63,10812.64,60068.00992905,2018-01-18T08:16:46.466000Z
33969800,10812.63000000,0.08800000,10812.63,10812.64,60068.00992905,2018-01-18T08:16:58.889000Z
33969803,10812.64000000,0.06785697,10812.63,10812.64,60068.00992905,2018-01-18T08:16:59.530000Z
33969803,10812.64000000,0.06785697,10812.63,10812.64,59995.79538360,2018-01-18T08:16:59.530000Z
33969803,10812.64000000,0.06785697,10812.63,10812.64,59995.79538360,2018-01-18T08:16:59.530000Z
33969803,10812.64000000,0.06785697,10812.63,10812.64,59995.79538360,2018-01-18T08:16:59.530000Z
33969803,10812.64000000,0.06785697,10812.63,10812.64,59995.79538360,2018-01-18T08:16:59.530000Z
33969804,10812.64000000,0.01700000,10812.63,10812.64,59995.79538360,2018-01-18T08:17:04.742000Z
33969804,10812.64000000,0.01700000,10812.63,10812.64,59995.79538360,2018-01-18T08:17:04.742000Z
33969804,10812.64000000,0.01700000,10812.63,10812.64,59995.79538360,2018-01-18T08:17:04.742000Z
33969804,10812.64000000,0.01700000,10812.63,10812.64,59995.79538360,2018-01-18T08:17:04.742000Z
33969804,10812.64000000,0.01700000,10812.63,10812.64,59995.79538360,2018-01-18T08:17:04.742000Z
33969804,10812.64000000,0.01700000,10812.63,10812.64,59995.79538360,2018-01-18T08:17:04.742000Z
33969804,10812.64000000,0.01700000,10812.63,10812.64,59995.79538360,2018-01-18T08:17:04.742000Z
33969804,10812.64000000,0.01700000,10812.63,10812.64,59995.79538360,2018-01-18T08:17:04.742000Z
33969805,10812.64000000,0.46126858,10812.63,10812.64,59995.79538360,2018-01-18T08:17:12.702000Z
33969805,10812.64000000,0.46126858,10812.63,10812.64,59995.79538360,2018-01-18T08:17:12.702000Z
33969805,10812.64000000,0.46126858,10812.63,10812.64,59995.79538360,2018-01-18T08:17:12.702000Z
33969806,10812.63000000,0.07238897,10812.63,10812.64,59995.79538360,2018-01-18T08:17:15.377000Z
33969807,10812.64000000,0.18450743,10812.63,10812.64,59995.79538360,2018-01-18T08:17:16.114000Z
33969807,10812.64000000,0.18450743,10812.63,10812.64,59995.79538360,2018-01-18T08:17:16.114000Z
33969808,10812.63000000,0.02000000,10812.63,10812.64,59995.79538360,2018-01-18T08:17:18.128000Z
33969809,10812.63000000,0.01000000,10812.63,10812.64,59995.79538360,2018-01-18T08:17:19.076000Z
33969809,10812.63000000,0.01000000,10812.63,10812.64,59995.79538360,2018-01-18T08:17:19.076000Z
33969809,10812.63000000,0.01000000,10812.63,10812.64,59995.79538360,2018-01-18T08:17:19.076000Z
33969809,10812.63000000,0.01000000,10812.63,10812.64,59995.79538360,2018-01-18T08:17:19.076000Z
33969816,10818.13000000,0.31771671,10818.12,10818.13,59995.79538360,2018-01-18T08:17:23.507000Z
33969816,10818.13000000,0.31771671,10818.12,10818.13,59995.79538360,2018-01-18T08:17:23.507000Z
33969820,10818.12000000,0.69220000,10818.12,10818.13,59995.79538360,2018-01-18T08:17:25.319000Z
33969820,10818.12000000,0.69220000,10820.03,10820.04,59995.79538360,2018-01-18T08:17:25.319000Z
33969827,10849.24000000,0.00163331,10839.1,10839.11,59995.79538360,2018-01-18T08:17:27.096000Z
33969827,10849.24000000,0.00163331,10839.1,10849.24,59995.79538360,2018-01-18T08:17:27.096000Z
33969828,10849.23000000,0.01314684,10849.97,10849.98,59995.79538360,2018-01-18T08:17:29.250000Z
33969829,10849.97000000,0.00926000,10849.97,10849.98,59995.79538360,2018-01-18T08:17:30.820000Z
33969829,10849.97000000,0.00926000,10849.97,10849.98,59995.79538360,2018-01-18T08:17:30.820000Z
33969829,10849.97000000,0.00926000,10849.97,10849.98,59995.79538360,2018-01-18T08:17:30.820000Z
33969829,10849.97000000,0.00926000,10849.99,10850,59995.79538360,2018-01-18T08:17:30.820000Z
33969829,10849.97000000,0.00926000,10849.99,10850,59995.79538360,2018-01-18T08:17:30.820000Z
33969832,10849.99000000,0.00100000,10849.99,10850,59995.79538360,2018-01-18T08:17:35.653000Z
33969832,10849.99000000,0.00100000,10849.99,10850,59995.79538360,2018-01-18T08:17:35.653000Z
33969832,10849.99000000,0.00100000,10849.99,10850,59995.79538360,2018-01-18T08:17:35.653000Z
33969833,10850.00000000,0.00500000,10859.06,10859.07,59995.79538360,2018-01-18T08:17:38.540000Z
33969833,10850.00000000,0.00500000,10859.06,10859.07,59995.79538360,2018-01-18T08:17:38.540000Z
33969833,10850.00000000,0.00500000,10859.06,10859.07,59995.79538360,2018-01-18T08:17:38.540000Z
33969833,10850.00000000,0.00500000,10859.06,10859.07,59995.79538360,2018-01-18T08:17:38.540000Z
33969833,10850.00000000,0.00500000,10859.06,10859.07,59995.79538360,2018-01-18T08:17:38.540000Z
33969833,10850.00000000,0.00500000,10859.06,10859.07,59995.79538360,2018-01-18T08:17:38.540000Z
33969840,10870.00000000,0.12830456,10869.99,10870,59995.79538360,2018-01-18T08:17:44.527000Z
33969843,10869.99000000,0.47310000,10869.99,10870,59995.79538360,2018-01-18T08:17:45.609000Z
33969843,10869.99000000,0.47310000,10869.99,10870,59995.79538360,2018-01-18T08:17:45.609000Z
33969843,10869.99000000,0.47310000,10869.99,10870,59995.79538360,2018-01-18T08:17:45.609000Z
33969843,10869.99000000,0.47310000,10869.99,10870,59995.79538360,2018-01-18T08:17:45.609000Z
33969843,10869.99000000,0.47310000,10869.99,10870,59995.79538360,2018-01-18T08:17:45.609000Z
33969862,10869.99000000,0.01900000,10849,10867.44,59995.79538360,2018-01-18T08:17:50.677000Z
33969862,10869.99000000,0.01900000,10867.43,10867.44,59995.79538360,2018-01-18T08:17:50.677000Z
33969863,10867.42000000,0.05144878,10849.01,10867.37,59995.79538360,2018-01-18T08:17:52.475000Z
33969863,10867.42000000,0.05144878,10861.09,10861.1,59995.79538360,2018-01-18T08:17:52.475000Z
33969863,10867.42000000,0.05144878,10861.09,10861.1,59995.79538360,2018-01-18T08:17:52.475000Z
33969863,10867.42000000,0.05144878,10861.09,10861.1,59995.79538360,2018-01-18T08:17:52.475000Z
33969863,10867.42000000,0.05144878,10861.09,10861.1,59995.79538360,2018-01-18T08:17:52.475000Z
33969882,10798.56000000,2.03622873,10840.84,10861.07,59995.79538360,2018-01-18T08:17:57.501000Z
33969882,10798.56000000,2.03622873,10840.84,10840.85,59995.79538360,2018-01-18T08:17:57.501000Z
33969884,10840.84000000,0.35500000,10834.24,10834.25,59995.79538360,2018-01-18T08:17:59.379000Z
33969886,10834.20000000,0.06410000,10825,10831.59,59995.79538360,2018-01-18T08:18:00.384000Z
33969887,10825.01000000,0.05580000,10825.01,10834.22,59995.79538360,2018-01-18T08:18:01.593000Z
33969887,10825.01000000,0.05580000,10825.07,10825.08,59995.79538360,2018-01-18T08:18:01.593000Z
33969887,10825.01000000,0.05580000,10825.07,10825.08,59995.79538360,2018-01-18T08:18:01.593000Z
33969887,10825.01000000,0.05580000,10825.07,10825.08,59995.79538360,2018-01-18T08:18:01.593000Z
33969889,10825.01000000,0.01070989,10825.01,10825.06,59995.79538360,2018-01-18T08:18:05.297000Z
33969890,10825.02000000,0.05068151,10825.01,10825.02,59995.79538360,2018-01-18T08:18:06.774000Z
33969890,10825.02000000,0.05068151,10825.01,10825.02,59995.79538360,2018-01-18T08:18:06.774000Z
33969891,10825.02000000,0.01000000,10825.01,10825.02,59995.79538360,2018-01-18T08:18:08.752000Z
33969891,10825.02000000,0.01000000,10825.01,10825.02,59995.79538360,2018-01-18T08:18:08.752000Z
33969891,10825.02000000,0.01000000,10825.01,10825.02,59995.79538360,2018-01-18T08:18:08.752000Z
33969909,10785.33000000,0.50713394,10785.33,10825.02,59995.79538360,2018-01-18T08:18:11.882000Z
33969911,10825.01000000,0.01325191,10787.68,10825,59995.79538360,2018-01-18T08:18:12.823000Z
33969911,10825.01000000,0.01325191,10800,10816.55,59995.79538360,2018-01-18T08:18:12.823000Z
33969911,10825.01000000,0.01325191,10800,10808.02,59995.79538360,2018-01-18T08:18:12.823000Z
33969911,10825.01000000,0.01325191,10816.5,10824.99,59995.79538360,2018-01-18T08:18:12.823000Z
33969911,10825.01000000,0.01325191,10816.49,10816.5,59995.79538360,2018-01-18T08:18:12.823000Z
33969911,10825.01000000,0.01325191,10816.49,10816.5,59995.79538360,2018-01-18T08:18:12.823000Z
33969911,10825.01000000,0.01325191,10816.5,10816.51,59995.79538360,2018-01-18T08:18:12.823000Z
33969911,10825.01000000,0.01325191,10816.5,10816.51,59995.79538360,2018-01-18T08:18:12.823000Z
33969911,10825.01000000,0.01325191,10816.5,10816.51,59995.79538360,2018-01-18T08:18:12.823000Z
33969912,10816.51000000,0.01000000,10816.5,10816.51,59995.79538360,2018-01-18T08:18:21.596000Z
33969912,10816.51000000,0.01000000,10816.5,10816.51,59995.79538360,2018-01-18T08:18:21.596000Z
33969912,10816.51000000,0.01000000,10816.5,10816.51,59995.79538360,2018-01-18T08:18:21.596000Z
33969915,10834.54000000,0.00400000,10816.52,10830.25,59995.79538360,2018-01-18T08:18:24.777000Z
33969917,10830.24000000,0.01916458,10830.24,10830.25,59995.79538360,2018-01-18T08:18:25.457000Z
33969921,10834.54000000,0.02240000,10837,10837.01,59995.79538360,2018-01-18T08:18:26.172000Z
33969921,10834.54000000,0.02240000,10837,10837.01,59995.79538360,2018-01-18T08:18:26.172000Z
33969921,10834.54000000,0.02240000,10837,10837.01,59995.79538360,2018-01-18T08:18:26.172000Z
33969921,10834.54000000,0.02240000,10837,10837.01,59995.79538360,2018-01-18T08:18:26.172000Z
33969921,10834.54000000,0.02240000,10837,10837.01,59995.79538360,2018-01-18T08:18:26.172000Z
33969922,10837.01000000,0.01000000,10837,10837.01,59995.79538360,2018-01-18T08:18:31.375000Z
33969923,10837.01000000,0.01000000,10837,10837.01,59995.79538360,2018-01-18T08:18:32.589000Z
33969923,10837.01000000,0.01000000,10837,10837.01,59995.79538360,2018-01-18T08:18:32.589000Z
33969924,10837.01000000,0.01000000,10837,10837.01,59995.79538360,2018-01-18T08:18:34.091000Z
33969924,10837.01000000,0.01000000,10837,10837.01,59995.79538360,2018-01-18T08:18:34.091000Z
33969925,10837.01000000,0.07000000,10837,10837.01,59995.79538360,2018-01-18T08:18:36.734000Z
33969925,10837.01000000,0.07000000,10837,10837.01,59995.79538360,2018-01-18T08:18:36.734000Z
33969925,10837.01000000,0.07000000,10837,10837.01,59995.79538360,2018-01-18T08:18:36.734000Z
33969925,10837.01000000,0.07000000,10837,10837.01,59981.81258191,2018-01-18T08:18:36.734000Z
33969925,10837.01000000,0.07000000,10837,10837.01,59981.81258191,2018-01-18T08:18:36.734000Z
33969925,10837.01000000,0.07000000,10837,10837.01,59981.81258191,2018-01-18T08:18:36.734000Z
33969925,10837.01000000,0.07000000,10837,10837.01,59981.81258191,2018-01-18T08:18:36.734000Z
33969925,10837.01000000,0.07000000,10837,10837.01,59981.81258191,2018-01-18T08:18:36.734000Z
33969927,10834.53000000,0.00000669,10834.53,10834.54,59981.81258191,2018-01-18T08:18:44.426000Z
33969927,10834.53000000,0.00000669,10834.53,10834.54,59981.81258191,2018-01-18T08:18:44.426000Z
33969928,10834.54000000,0.01000000,10834.53,10834.54,59981.81258191,2018-01-18T08:18:46.484000Z
33969928,10834.54000000,0.01000000,10834.53,10834.54,59981.81258191,2018-01-18T08:18:46.484000Z
33969930,10834.54000000,0.28822737,10834.53,10834.54,59981.81258191,2018-01-18T08:18:48.281000Z
33969930,10834.54000000,0.28822737,10805.28,10818.97,59981.81258191,2018-01-18T08:18:48.281000Z
33969930,10834.54000000,0.28822737,10818.43,10818.44,59981.81258191,2018-01-18T08:18:48.281000Z
33969930,10834.54000000,0.28822737,10818.43,10818.44,59981.81258191,2018-01-18T08:18:48.281000Z
33969930,10834.54000000,0.28822737,10818.43,10818.44,59981.81258191,2018-01-18T08:18:48.281000Z
33969930,10834.54000000,0.28822737,10818.43,10818.44,59981.81258191,2018-01-18T08:18:48.281000Z
33969931,10818.43000000,0.10424461,10818.43,10818.44,59981.81258191,2018-01-18T08:18:55.195000Z
33969931,10818.43000000,0.10424461,10818.43,10818.44,59981.81258191,2018-01-18T08:18:55.195000Z
33969931,10818.43000000,0.10424461,10818.43,10818.44,59981.81258191,2018-01-18T08:18:55.195000Z
33969931,10818.43000000,0.10424461,10818.43,10818.44,59981.81258191,2018-01-18T08:18:55.195000Z
33969931,10818.43000000,0.10424461,10818.43,10818.44,59981.81258191,2018-01-18T08:18:55.195000Z
33969931,10818.43000000,0.10424461,10818.43,10818.44,59981.81258191,2018-01-18T08:18:55.195000Z
33969931,10818.43000000,0.10424461,10823.93,10823.94,59981.81258191,2018-01-18T08:18:55.195000Z
33969931,10818.43000000,0.10424461,10815.39,10815.4,59981.81258191,2018-01-18T08:18:55.195000Z
33969931,10818.43000000,0.10424461,10823.92,10823.93,59981.81258191,2018-01-18T08:18:55.195000Z
33969931,10818.43000000,0.10424461,10823.92,10823.93,59981.81258191,2018-01-18T08:18:55.195000Z
33969931,10818.43000000,0.10424461,10823.92,10823.93,59981.81258191,2018-01-18T08:18:55.195000Z
33969937,10830.00000000,0.45120000,10823.92,10830,59981.81258191,2018-01-18T08:19:05.775000Z
33969937,10830.00000000,0.45120000,10829.99,10830,59981.81258191,2018-01-18T08:19:05.775000Z
33969937,10830.00000000,0.45120000,10829.99,10830,59981.81258191,2018-01-18T08:19:05.775000Z
33969937,10830.00000000,0.45120000,10829.99,10830,59981.81258191,2018-01-18T08:19:05.775000Z
33969937,10830.00000000,0.45120000,10829.99,10830,59981.81258191,2018-01-18T08:19:05.775000Z
33969937,10830.00000000,0.45120000,10829.99,10830,59981.81258191,2018-01-18T08:19:05.775000Z
33969937,10830.00000000,0.45120000,10829.99,10830,59981.81258191,2018-01-18T08:19:05.775000Z
33969937,10830.00000000,0.45120000,10829.99,10830,59981.81258191,2018-01-18T08:19:05.775000Z
33969937,10830.00000000,0.45120000,10829.99,10830,59981.81258191,2018-01-18T08:19:05.775000Z
33969937,10830.00000000,0.45120000,10829.99,10830,59981.81258191,2018-01-18T08:19:05.775000Z
33969937,10830.00000000,0.45120000,10829.99,10830,59981.81258191,2018-01-18T08:19:05.775000Z
33969937,10830.00000000,0.45120000,10829.99,10830,59981.81258191,2018-01-18T08:19:05.775000Z
33969938,10829.99000000,0.01100669,10829.99,10830,59981.81258191,2018-01-18T08:19:18.306000Z
33969945,10829.99000000,0.01519388,10829.99,10830,59981.81258191,2018-01-18T08:19:18.873000Z
33969945,10829.99000000,0.01519388,10829.99,10830,59981.81258191,2018-01-18T08:19:18.873000Z
33969947,10829.99000000,0.00260465,10829.99,10830,59981.81258191,2018-01-18T08:19:20.689000Z
33969947,10829.99000000,0.00260465,10829.99,10830,59981.81258191,2018-01-18T08:19:20.689000Z
33969949,10829.99000000,0.99467117,10829.99,10830,59981.81258191,2018-01-18T08:19:22.680000Z
33969949,10829.99000000,0.99467117,10829.99,10830,59981.81258191,2018-01-18T08:19:22.680000Z
33969949,10829.99000000,0.99467117,10829.99,10830,59981.81258191,2018-01-18T08:19:22.680000Z
33969951,10830.00000000,0.05617101,10829.99,10830,59981.81258191,2018-01-18T08:19:25.858000Z
33969951,10830.00000000,0.05617101,10829.99,10830,59981.81258191,2018-01-18T08:19:25.858000Z
33969951,10830.00000000,0.05617101,10829.99,10830,59981.81258191,2018-01-18T08:19:25.858000Z
33969954,10835.50000000,0.01200719,10835.49,10835.5,59981.81258191,2018-01-18T08:19:28.358000Z
33969955,10835.50000000,0.07315235,10835.51,10839.57,59981.81258191,2018-01-18T08:19:29.282000Z
33969955,10835.50000000,0.07315235,10839.56,10839.57,59981.81258191,2018-01-18T08:19:29.282000Z
33969957,10842.46000000,0.02499661,10842.44,10842.45,59981.81258191,2018-01-18T08:19:31.623000Z
33969957,10842.46000000,0.02499661,10835,10835.01,59981.81258191,2018-01-18T08:19:31.623000Z
33969957,10842.46000000,0.02499661,10835,10835.01,59981.81258191,2018-01-18T08:19:31.623000Z
33969958,10835.01000000,0.00950460,10835,10835.01,59981.81258191,2018-01-18T08:19:34.155000Z
33969958,10835.01000000,0.00950460,10835,10835.01,59981.81258191,2018-01-18T08:19:34.155000Z
33969958,10835.01000000,0.00950460,10835,10835.01,59981.81258191,2018-01-18T08:19:34.155000Z
33969958,10835.01000000,0.00950460,10835,10835.01,59981.81258191,2018-01-18T08:19:34.155000Z
33969958,10835.01000000,0.00950460,10835,10835.01,59981.81258191,2018-01-18T08:19:34.155000Z
33969958,10835.01000000,0.00950460,10835,10835.01,59981.81258191,2018-01-18T08:19:34.155000Z
33969959,10835.01000000,0.01000000,10835,10835.01,59981.81258191,2018-01-18T08:19:41.095000Z
33969959,10835.01000000,0.01000000,10835,10835.01,59981.81258191,2018-01-18T08:19:41.095000Z
33969959,10835.01000000,0.01000000,10835,10835.01,59981.81258191,2018-01-18T08:19:41.095000Z
33969959,10835.01000000,0.01000000,10835,10835.01,59981.81258191,2018-01-18T08:19:41.095000Z
33969959,10835.01000000,0.01000000,10835,10835.01,59981.81258191,2018-01-18T08:19:41.095000Z
33969959,10835.01000000,0.01000000,10835,10835.01,59981.81258191,2018-01-18T08:19:41.095000Z
33969961,10835.01000000,0.09910577,10835,10835.01,59981.81258191,2018-01-18T08:19:46.562000Z
33969961,10835.01000000,0.09910577,10835,10835.01,59981.81258191,2018-01-18T08:19:46.562000Z
33969962,10835.01000000,0.00200000,10835,10835.01,59981.81258191,2018-01-18T08:19:48.504000Z
33969962,10835.01000000,0.00200000,10835,10835.01,59981.81258191,2018-01-18T08:19:48.504000Z
33969962,10835.01000000,0.00200000,10835,10835.01,59981.81258191,2018-01-18T08:19:48.504000Z
33969962,10835.01000000,0.00200000,10835,10835.01,59981.81258191,2018-01-18T08:19:48.504000Z
33969962,10835.01000000,0.00200000,10835,10835.01,59981.81258191,2018-01-18T08:19:48.504000Z
33969963,10835.01000000,0.00200000,10835,10835.01,59981.81258191,2018-01-18T08:19:53.739000Z
33969963,10835.01000000,0.00200000,10835,10835.01,59981.81258191,2018-01-18T08:19:53.739000Z
33969963,10835.01000000,0.00200000,10835,10835.01,59981.81258191,2018-01-18T08:19:53.739000Z
33969963,10835.01000000,0.00200000,10835,10835.01,59981.81258191,2018-01-18T08:19:53.739000Z
33969963,10835.01000000,0.00200000,10835,10835.01,59981.81258191,2018-01-18T08:19:53.739000Z
33969963,10835.01000000,0.00200000,10835,10835.01,59981.81258191,2018-01-18T08:19:53.739000Z
33969964,10835.01000000,0.04000000,10835,10835.01,59981.81258191,2018-01-18T08:19:59.206000Z
33969964,10835.01000000,0.04000000,10835,10835.01,59981.81258191,2018-01-18T08:19:59.206000Z
33969964,10835.01000000,0.04000000,10835,10835.01,59981.81258191,2018-01-18T08:19:59.206000Z
33969968,10835.01000000,0.04557130,10835,10835.01,59981.81258191,2018-01-18T08:20:03.232000Z
33969968,10835.01000000,0.04557130,10835,10835.01,59981.81258191,2018-01-18T08:20:03.232000Z
33969968,10835.01000000,0.04557130,10835,10835.01,59981.81258191,2018-01-18T08:20:03.232000Z
33969968,10835.01000000,0.04557130,10835,10835.01,59981.81258191,2018-01-18T08:20:03.232000Z
33969968,10835.01000000,0.04557130,10835,10835.01,59981.81258191,2018-01-18T08:20:03.232000Z
33969968,10835.01000000,0.04557130,10835,10835.01,59981.81258191,2018-01-18T08:20:03.232000Z
33969968,10835.01000000,0.04557130,10835,10835.01,59981.81258191,2018-01-18T08:20:03.232000Z
33969968,10835.01000000,0.04557130,10835,10835.01,59981.81258191,2018-01-18T08:20:03.232000Z
33969968,10835.01000000,0.04557130,10835,10835.01,59981.81258191,2018-01-18T08:20:03.232000Z
33969970,10835.00000000,0.02291230,10835,10835.01,59981.81258191,2018-01-18T08:20:11.863000Z
33969970,10835.00000000,0.02291230,10835,10835.01,59981.81258191,2018-01-18T08:20:11.863000Z
33969970,10835.00000000,0.02291230,10835,10835.01,59981.81258191,2018-01-18T08:20:11.863000Z
33969970,10835.00000000,0.02291230,10835,10835.01,59981.81258191,2018-01-18T08:20:11.863000Z
33969970,10835.00000000,0.02291230,10835,10835.01,59981.81258191,2018-01-18T08:20:11.863000Z
33969970,10835.00000000,0.02291230,10835,10835.01,59981.81258191,2018-01-18T08:20:11.863000Z
33969970,10835.00000000,0.02291230,10835,10835.01,59981.81258191,2018-01-18T08:20:11.863000Z
33969971,10835.01000000,0.02000000,10835,10835.01,59981.81258191,2018-01-18T08:20:19.273000Z
33969971,10835.01000000,0.02000000,10835,10835.01,59981.81258191,2018-01-18T08:20:19.273000Z
33969971,10835.01000000,0.02000000,10835,10835.01,59981.81258191,2018-01-18T08:20:19.273000Z
33969971,10835.01000000,0.02000000,10835,10835.01,59948.32657099,2018-01-18T08:20:19.273000Z
33969971,10835.01000000,0.02000000,10835,10835.01,59948.32657099,2018-01-18T08:20:19.273000Z
33969971,10835.01000000,0.02000000,10835.09,10835.1,59948.32657099,2018-01-18T08:20:19.273000Z
33969971,10835.01000000,0.02000000,10835.09,10835.1,59948.32657099,2018-01-18T08:20:19.273000Z
33969979,10857.00000000,0.02836664,10835.1,10842,59948.32657099,2018-01-18T08:20:25.391000Z
33969979,10857.00000000,0.02836664,10835.1,10835.11,59948.32657099,2018-01-18T08:20:25.391000Z
33969979,10857.00000000,0.02836664,10835.1,10835.11,59948.32657099,2018-01-18T08:20:25.391000Z
33969979,10857.00000000,0.02836664,10835.1,10835.11,59948.32657099,2018-01-18T08:20:25.391000Z
33969979,10857.00000000,0.02836664,10835.1,10835.11,59948.32657099,2018-01-18T08:20:25.391000Z
33969981,10835.11000000,0.00200000,10835.1,10835.11,59948.32657099,2018-01-18T08:20:31.059000Z
33969981,10835.11000000,0.00200000,10835.1,10835.11,59948.32657099,2018-01-18T08:20:31.059000Z
33969981,10835.11000000,0.00200000,10835.1,10835.11,59948.32657099,2018-01-18T08:20:31.059000Z
33969982,10835.11000000,0.00105000,10835.1,10835.11,59948.32657099,2018-01-18T08:20:34.087000Z
33969982,10835.11000000,0.00105000,10835.1,10835.11,59948.32657099,2018-01-18T08:20:34.087000Z
33969982,10835.11000000,0.00105000,10835.1,10835.11,59948.32657099,2018-01-18T08:20:34.087000Z
33969982,10835.11000000,0.00105000,10835.1,10835.11,59948.32657099,2018-01-18T08:20:34.087000Z
33969982,10835.11000000,0.00105000,10835.1,10835.11,59948.32657099,2018-01-18T08:20:34.087000Z
33969982,10835.11000000,0.00105000,10835.1,10835.11,59948.32657099,2018-01-18T08:20:34.087000Z
33969982,10835.11000000,0.00105000,10835.1,10835.11,59948.32657099,2018-01-18T08:20:34.087000Z
33969983,10835.10000000,0.09730000,10835.1,10835.11,59948.32657099,2018-01-18T08:20:40.890000Z
33969983,10835.10000000,0.09730000,10835.1,10835.11,59948.32657099,2018-01-18T08:20:40.890000Z
33969983,10835.10000000,0.09730000,10835.1,10835.11,59948.32657099,2018-01-18T08:20:40.890000Z
33969983,10835.10000000,0.09730000,10835.1,10835.11,59948.32657099,2018-01-18T08:20:40.890000Z
33969983,10835.10000000,0.09730000,10835.1,10835.11,59948.32657099,2018-01-18T08:20:40.890000Z
33969984,10835.11000000,0.02000000,10835.1,10835.11,59948.32657099,2018-01-18T08:20:45.649000Z
33969984,10835.11000000,0.02000000,10835.1,10835.11,59948.32657099,2018-01-18T08:20:45.649000Z
33969985,10835.11000000,0.10464512,10835.1,10835.11,59948.32657099,2018-01-18T08:20:47.493000Z
33969985,10835.11000000,0.10464512,10835.1,10835.11,59948.32657099,2018-01-18T08:20:47.493000Z
33969985,10835.11000000,0.10464512,10835.1,10835.11,59948.32657099,2018-01-18T08:20:47.493000Z
33969985,10835.11000000,0.10464512,10835.1,10835.11,59948.32657099,2018-01-18T08:20:47.493000Z
33969985,10835.11000000,0.10464512,10835.1,10835.11,59948.32657099,2018-01-18T08:20:47.493000Z
33969985,10835.11000000,0.10464512,10835.1,10835.11,59948.32657099,2018-01-18T08:20:47.493000Z
33969985,10835.11000000,0.10464512,10835.1,10835.11,59948.32657099,2018-01-18T08:20:47.493000Z
33969985,10835.11000000,0.10464512,10835,10835.01,59948.32657099,2018-01-18T08:20:47.493000Z
33969985,10835.11000000,0.10464512,10835,10835.01,59948.32657099,2018-01-18T08:20:47.493000Z
33969985,10835.11000000,0.10464512,10835,10835.01,59948.32657099,2018-01-18T08:20:47.493000Z
33969985,10835.11000000,0.10464512,10835,10835.01,59948.32657099,2018-01-18T08:20:47.493000Z
33969987,10835.01000000,0.00748163,10835,10835.01,59948.32657099,2018-01-18T08:20:58.702000Z
33969987,10835.01000000,0.00748163,10835,10835.01,59948.32657099,2018-01-18T08:20:58.702000Z
33969987,10835.01000000,0.00748163,10835,10835.01,59948.32657099,2018-01-18T08:20:58.702000Z
33969987,10835.01000000,0.00748163,10835,10835.01,59948.32657099,2018-01-18T08:20:58.702000Z
33969987,10835.01000000,0.00748163,10835,10835.01,59948.32657099,2018-01-18T08:20:58.702000Z
33969987,10835.01000000,0.00748163,10835,10835.01,59948.32657099,2018-01-18T08:20:58.702000Z
33969987,10835.01000000,0.00748163,10835,10835.01,59948.32657099,2018-01-18T08:20:58.702000Z
33969990,10835.01000000,0.09178163,10835,10835.01,59948.32657099,2018-01-18T08:21:05.447000Z
33969990,10835.01000000,0.09178163,10835,10835.01,59948.32657099,2018-01-18T08:21:05.447000Z
33969990,10835.01000000,0.09178163,10835,10835.01,59948.32657099,2018-01-18T08:21:05.447000Z
33969990,10835.01000000,0.09178163,10835,10835.01,59948.32657099,2018-01-18T08:21:05.447000Z
33969990,10835.01000000,0.09178163,10835,10835.01,59948.32657099,2018-01-18T08:21:05.447000Z
33969990,10835.01000000,0.09178163,10835,10835.01,59948.32657099,2018-01-18T08:21:05.447000Z
33969996,10835.01000000,0.08000000,10835,10835.01,59948.32657099,2018-01-18T08:21:12.171000Z
33969996,10835.01000000,0.08000000,10835,10835.01,59948.32657099,2018-01-18T08:21:12.171000Z
33969996,10835.01000000,0.08000000,10835,10835.01,59948.32657099,2018-01-18T08:21:12.171000Z
33969996,10835.01000000,0.08000000,10835,10835.01,59948.32657099,2018-01-18T08:21:12.171000Z
33969996,10835.01000000,0.08000000,10835,10835.01,59948.32657099,2018-01-18T08:21:12.171000Z
33969996,10835.01000000,0.08000000,10835,10835.01,59948.32657099,2018-01-18T08:21:12.171000Z
33969996,10835.01000000,0.08000000,10835,10835.01,59948.32657099,2018-01-18T08:21:12.171000Z
33969996,10835.01000000,0.08000000,10835,10835.01,59948.32657099,2018-01-18T08:21:12.171000Z
33969996,10835.01000000,0.08000000,10835,10835.01,59948.32657099,2018-01-18T08:21:12.171000Z
33969996,10835.01000000,0.08000000,10835,10835.01,59948.32657099,2018-01-18T08:21:12.171000Z
33969996,10835.01000000,0.08000000,10835,10835.01,59948.32657099,2018-01-18T08:21:12.171000Z
33969997,10835.01000000,0.09206325,10835,10835.01,59948.32657099,2018-01-18T08:21:22.786000Z
33969997,10835.01000000,0.09206325,10835,10835.01,59948.32657099,2018-01-18T08:21:22.786000Z
33969997,10835.01000000,0.09206325,10835,10835.01,59948.32657099,2018-01-18T08:21:22.786000Z
33969998,10835.01000000,0.00200000,10835,10835.01,59948.32657099,2018-01-18T08:21:26.077000Z
33969998,10835.01000000,0.00200000,10835,10835.01,59948.32657099,2018-01-18T08:21:26.077000Z
33969998,10835.01000000,0.00200000,10835,10835.01,59948.32657099,2018-01-18T08:21:26.077000Z
33969998,10835.01000000,0.00200000,10835,10835.01,59948.32657099,2018-01-18T08:21:26.077000Z
33969998,10835.01000000,0.00200000,10835,10835.01,59948.32657099,2018-01-18T08:21:26.077000Z
33970003,10831.00000000,0.01682951,10831,10831.01,59948.32657099,2018-01-18T08:21:30.792000Z
33970003,10831.00000000,0.01682951,10831,10831.01,59948.32657099,2018-01-18T08:21:30.792000Z
33970003,10831.00000000,0.01682951,10831,10831.01,59948.32657099,2018-01-18T08:21:30.792000Z
33970003,10831.00000000,0.01682951,10831,10831.01,59948.32657099,2018-01-18T08:21:30.792000Z
33970003,10831.00000000,0.01682951,10831,10831.01,59948.32657099,2018-01-18T08:21:30.792000Z
33970003,10831.00000000,0.01682951,10831,10831.01,59948.32657099,2018-01-18T08:21:30.792000Z
33970003,10831.00000000,0.01682951,10831,10831.01,59948.32657099,2018-01-18T08:21:30.792000Z
33970003,10831.00000000,0.01682951,10831,10831.01,59948.32657099,2018-01-18T08:21:30.792000Z
33970003,10831.00000000,0.01682951,10831,10831.01,59948.32657099,2018-01-18T08:21:30.792000Z
33970003,10831.00000000,0.01682951,10831,10831.01,59948.32657099,2018-01-18T08:21:30.792000Z
33970003,10831.00000000,0.01682951,10831,10831.01,59948.32657099,2018-01-18T08:21:30.792000Z
33970003,10831.00000000,0.01682951,10831,10831.01,59948.32657099,2018-01-18T08:21:30.792000Z
33970003,10831.00000000,0.01682951,10831,10831.01,59948.32657099,2018-01-18T08:21:30.792000Z
33970003,10831.00000000,0.01682951,10831,10831.01,59948.32657099,2018-01-18T08:21:30.792000Z
33970003,10831.00000000,0.01682951,10831,10831.01,59948.32657099,2018-01-18T08:21:30.792000Z
33970003,10831.00000000,0.01682951,10831,10831.01,59948.32657099,2018-01-18T08:21:30.792000Z
33970003,10831.00000000,0.01682951,10831,10831.01,59948.32657099,2018-01-18T08:21:30.792000Z
33970004,10831.01000000,0.43540000,10831,10831.01,59948.32657099,2018-01-18T08:21:47.995000Z
33970004,10831.01000000,0.43540000,10831,10831.01,59948.32657099,2018-01-18T08:21:47.995000Z
33970004,10831.01000000,0.43540000,10831,10831.01,59948.32657099,2018-01-18T08:21:47.995000Z
33970004,10831.01000000,0.43540000,10831,10831.01,59948.32657099,2018-01-18T08:21:47.995000Z
33970005,10831.01000000,0.10360480,10831,10831.01,59948.32657099,2018-01-18T08:21:51.776000Z
33970005,10831.01000000,0.10360480,10831,10831.01,59948.32657099,2018-01-18T08:21:51.776000Z
33970005,10831.01000000,0.10360480,10831,10831.01,59948.32657099,2018-01-18T08:21:51.776000Z
33970005,10831.01000000,0.10360480,10831,10831.01,59948.32657099,2018-01-18T08:21:51.776000Z
33970005,10831.01000000,0.10360480,10831,10831.01,59948.32657099,2018-01-18T08:21:51.776000Z
33970005,10831.01000000,0.10360480,10831,10831.01,59948.32657099,2018-01-18T08:21:51.776000Z
33970005,10831.01000000,0.10360480,10831,10831.01,59948.32657099,2018-01-18T08:21:51.776000Z
33970005,10831.01000000,0.10360480,10831,10831.01,59948.32657099,2018-01-18T08:21:51.776000Z
33970005,10831.01000000,0.10360480,10831,10831.01,59948.32657099,2018-01-18T08:21:51.776000Z
33970005,10831.01000000,0.10360480,10831,10831.01,59948.32657099,2018-01-18T08:21:51.776000Z
33970005,10831.01000000,0.10360480,10831,10831.01,59907.29664712,2018-01-18T08:21:51.776000Z
33970005,10831.01000000,0.10360480,10831,10831.01,59907.29664712,2018-01-18T08:21:51.776000Z
33970005,10831.01000000,0.10360480,10831,10831.01,59907.29664712,2018-01-18T08:21:51.776000Z
33970006,10831.00000000,0.70310000,10831,10831.01,59907.29664712,2018-01-18T08:22:04.817000Z
33970006,10831.00000000,0.70310000,10831,10831.01,59907.29664712,2018-01-18T08:22:04.817000Z
33970007,10831.01000000,0.15140000,10831,10831.01,59907.29664712,2018-01-18T08:22:06.482000Z
33970007,10831.01000000,0.15140000,10831,10831.01,59907.29664712,2018-01-18T08:22:06.482000Z
33970007,10831.01000000,0.15140000,10831,10831.01,59907.29664712,2018-01-18T08:22:06.482000Z
33970007,10831.01000000,0.15140000,10831,10831.01,59907.29664712,2018-01-18T08:22:06.482000Z
33970007,10831.01000000,0.15140000,10831,10831.01,59907.29664712,2018-01-18T08:22:06.482000Z
33970008,10831.00000000,0.07110000,10831,10831.01,59907.29664712,2018-01-18T08:22:11.315000Z
33970016,10811.13000000,0.00500000,10810,10819.17,59907.29664712,2018-01-18T08:22:13.230000Z
33970035,10800.00000000,0.00492896,10800,10806.01,59907.29664712,2018-01-18T08:22:14.143000Z
33970044,10789.20000000,0.00192896,10789.2,10797.14,59907.29664712,2018-01-18T08:22:15.347000Z
33970053,10789.00000000,0.00100000,10789,10797.14,59907.29664712,2018-01-18T08:22:16.149000Z
33970060,10787.08000000,0.36000000,10787.06,10787.07,59907.29664712,2018-01-18T08:22:16.720000Z
33970060,10787.08000000,0.36000000,10787.06,10787.07,59907.29664712,2018-01-18T08:22:16.720000Z
33970061,10787.07000000,0.12302069,10787.06,10787.07,59907.29664712,2018-01-18T08:22:18.702000Z
33970066,10787.07000000,0.02000000,10787.06,10787.07,59907.29664712,2018-01-18T08:22:20.240000Z
33970071,10787.07000000,0.10000000,10787.06,10787.07,59907.29664712,2018-01-18T08:22:21.267000Z
33970072,10787.07000000,0.16628006,10787.06,10787.07,59907.29664712,2018-01-18T08:22:22.185000Z
33970073,10787.07000000,0.58889968,10787.06,10787.07,59907.29664712,2018-01-18T08:22:22.478000Z
33970073,10787.07000000,0.58889968,10787.06,10787.07,59907.29664712,2018-01-18T08:22:22.478000Z
33970073,10787.07000000,0.58889968,10787.06,10787.07,59907.29664712,2018-01-18T08:22:22.478000Z
33970073,10787.07000000,0.58889968,10787.06,10787.07,59907.29664712,2018-01-18T08:22:22.478000Z
33970073,10787.07000000,0.58889968,10787.06,10787.07,59907.29664712,2018-01-18T08:22:22.478000Z
33970074,10787.07000000,0.06580000,10787.06,10787.07,59907.29664712,2018-01-18T08:22:27.564000Z
33970074,10787.07000000,0.06580000,10787.06,10787.07,59907.29664712,2018-01-18T08:22:27.564000Z
33970074,10787.07000000,0.06580000,10787.06,10787.07,59907.29664712,2018-01-18T08:22:27.564000Z
33970074,10787.07000000,0.06580000,10787.06,10787.07,59907.29664712,2018-01-18T08:22:27.564000Z
33970074,10787.07000000,0.06580000,10787.06,10787.07,59907.29664712,2018-01-18T08:22:27.564000Z
33970074,10787.07000000,0.06580000,10787.06,10787.07,59907.29664712,2018-01-18T08:22:27.564000Z
33970074,10787.07000000,0.06580000,10787.06,10787.07,59907.29664712,2018-01-18T08:22:27.564000Z
33970074,10787.07000000,0.06580000,10787.06,10787.07,59907.29664712,2018-01-18T08:22:27.564000Z
33970074,10787.07000000,0.06580000,10787.06,10787.07,59907.29664712,2018-01-18T08:22:27.564000Z
33970074,10787.07000000,0.06580000,10787.06,10787.07,59907.29664712,2018-01-18T08:22:27.564000Z
33970074,10787.07000000,0.06580000,10787.06,10787.07,59907.29664712,2018-01-18T08:22:27.564000Z
33970074,10787.07000000,0.06580000,10787.06,10787.07,59907.29664712,2018-01-18T08:22:27.564000Z
33970075,10787.07000000,0.02298631,10787.06,10787.07,59907.29664712,2018-01-18T08:22:39.555000Z
33970075,10787.07000000,0.02298631,10787.06,10787.07,59907.29664712,2018-01-18T08:22:39.555000Z
33970075,10787.07000000,0.02298631,10787.06,10787.07,59907.29664712,2018-01-18T08:22:39.555000Z
33970075,10787.07000000,0.02298631,10787.06,10787.07,59907.29664712,2018-01-18T08:22:39.555000Z
33970075,10787.07000000,0.02298631,10787.06,10787.07,59907.29664712,2018-01-18T08:22:39.555000Z
33970075,10787.07000000,0.02298631,10787.06,10787.07,59907.29664712,2018-01-18T08:22:39.555000Z
33970076,10787.07000000,0.00925186,10787.06,10787.07,59907.29664712,2018-01-18T08:22:45.933000Z
33970076,10787.07000000,0.00925186,10787.06,10787.07,59907.29664712,2018-01-18T08:22:45.933000Z
33970077,10787.06000000,2.60087288,10787.06,10787.07,59907.29664712,2018-01-18T08:22:47.797000Z
33970079,10801.02000000,0.09319296,10800.97,10800.98,59907.29664712,2018-01-18T08:22:48.474000Z
33970079,10801.02000000,0.09319296,10800.97,10800.98,59907.29664712,2018-01-18T08:22:48.474000Z
33970079,10801.02000000,0.09319296,10800.97,10800.98,59907.29664712,2018-01-18T08:22:48.474000Z
33970081,10800.98000000,0.22800000,10800.97,10800.98,59907.29664712,2018-01-18T08:22:51.909000Z
33970081,10800.98000000,0.22800000,10800.97,10800.98,59907.29664712,2018-01-18T08:22:51.909000Z
33970081,10800.98000000,0.22800000,10800.97,10800.98,59907.29664712,2018-01-18T08:22:51.909000Z
33970081,10800.98000000,0.22800000,10800.97,10800.98,59907.29664712,2018-01-18T08:22:51.909000Z
33970081,10800.98000000,0.22800000,10800.97,10800.98,59907.29664712,2018-01-18T08:22:51.909000Z
33970081,10800.98000000,0.22800000,10800.97,10800.98,59907.29664712,2018-01-18T08:22:51.909000Z
33970081,10800.98000000,0.22800000,10800.97,10800.98,59907.29664712,2018-01-18T08:22:51.909000Z
33970081,10800.98000000,0.22800000,10800.97,10800.98,59907.29664712,2018-01-18T08:22:51.909000Z
33970081,10800.98000000,0.22800000,10800.97,10800.98,59907.29664712,2018-01-18T08:22:51.909000Z
33970082,10800.97000000,0.00925186,10800.97,10800.98,59907.29664712,2018-01-18T08:23:00.588000Z
33970082,10800.97000000,0.00925186,10800.97,10800.98,59907.29664712,2018-01-18T08:23:00.588000Z
33970083,10800.98000000,0.01250000,10800.97,10800.98,59907.29664712,2018-01-18T08:23:02.734000Z
33970084,10800.98000000,0.39925628,10800.97,10800.98,59907.29664712,2018-01-18T08:23:04.718000Z
33970084,10800.98000000,0.39925628,10800.97,10800.98,59907.29664712,2018-01-18T08:23:04.718000Z
33970085,10800.97000000,0.02500000,10800.97,10800.98,59907.29664712,2018-01-18T08:23:05.960000Z
33970086,10800.97000000,0.07600000,10800.97,10800.98,59907.29664712,2018-01-18T08:23:06.556000Z
33970086,10800.97000000,0.07600000,10800.97,10800.98,59907.29664712,2018-01-18T08:23:06.556000Z
33970086,10800.97000000,0.07600000,10800.97,10800.98,59907.29664712,2018-01-18T08:23:06.556000Z
33970086,10800.97000000,0.07600000,10800.97,10800.98,59907.29664712,2018-01-18T08:23:06.556000Z
33970086,10800.97000000,0.07600000,10800.97,10800.98,59907.29664712,2018-01-18T08:23:06.556000Z
33970086,10800.97000000,0.07600000,10800.97,10800.98,59907.29664712,2018-01-18T08:23:06.556000Z
33970087,10800.97000000,0.51970000,10800.97,10800.98,59907.29664712,2018-01-18T08:23:12.925000Z
33970087,10800.97000000,0.51970000,10800.97,10800.98,59907.29664712,2018-01-18T08:23:12.925000Z
33970087,10800.97000000,0.51970000,10800.97,10800.98,59907.29664712,2018-01-18T08:23:12.925000Z
33970087,10800.97000000,0.51970000,10800.97,10800.98,59907.29664712,2018-01-18T08:23:12.925000Z
33970087,10800.97000000,0.51970000,10800.97,10800.98,59907.29664712,2018-01-18T08:23:12.925000Z
33970087,10800.97000000,0.51970000,10800.97,10800.98,59907.29664712,2018-01-18T08:23:12.925000Z
33970087,10800.97000000,0.51970000,10800.97,10800.98,59907.29664712,2018-01-18T08:23:12.925000Z
33970087,10800.97000000,0.51970000,10800.97,10800.98,59907.29664712,2018-01-18T08:23:12.925000Z
33970088,10800.97000000,0.01000000,10800.97,10800.98,59907.29664712,2018-01-18T08:23:20.699000Z
33970088,10800.97000000,0.01000000,10800.97,10800.98,59907.29664712,2018-01-18T08:23:20.699000Z
33970088,10800.97000000,0.01000000,10800.97,10800.98,59907.29664712,2018-01-18T08:23:20.699000Z
33970088,10800.97000000,0.01000000,10800.97,10800.98,59907.29664712,2018-01-18T08:23:20.699000Z
33970088,10800.97000000,0.01000000,10800.97,10800.98,59907.29664712,2018-01-18T08:23:20.699000Z
33970088,10800.97000000,0.01000000,10800.97,10800.98,59907.29664712,2018-01-18T08:23:20.699000Z
33970088,10800.97000000,0.01000000,10800.97,10800.98,59907.29664712,2018-01-18T08:23:20.699000Z
33970088,10800.97000000,0.01000000,10800.97,10800.98,59907.29664712,2018-01-18T08:23:20.699000Z
33970088,10800.97000000,0.01000000,10800.97,10800.98,59907.29664712,2018-01-18T08:23:20.699000Z
33970088,10800.97000000,0.01000000,10800.97,10800.98,59907.29664712,2018-01-18T08:23:20.699000Z
33970088,10800.97000000,0.01000000,10800.97,10800.98,59907.29664712,2018-01-18T08:23:20.699000Z
33970088,10800.97000000,0.01000000,10800.97,10800.98,59907.29664712,2018-01-18T08:23:20.699000Z
33970089,10800.97000000,0.00100000,10800,10800.01,59907.29664712,2018-01-18T08:23:32.732000Z
33970092,10800.01000000,0.64422100,10800,10800.01,59907.29664712,2018-01-18T08:23:34.322000Z
33970092,10800.01000000,0.64422100,10800,10800.01,59907.29664712,2018-01-18T08:23:34.322000Z
33970092,10800.01000000,0.64422100,10800,10800.01,59907.29664712,2018-01-18T08:23:34.322000Z
33970092,10800.01000000,0.64422100,10800,10800.01,59907.29664712,2018-01-18T08:23:34.322000Z
33970092,10800.01000000,0.64422100,10800,10800.01,59907.29664712,2018-01-18T08:23:34.322000Z
33970092,10800.01000000,0.64422100,10800,10800.01,59907.29664712,2018-01-18T08:23:34.322000Z
33970092,10800.01000000,0.64422100,10800,10800.01,59907.29664712,2018-01-18T08:23:34.322000Z
33970093,10800.00000000,0.00925001,10800,10800.01,59900.03559820,2018-01-18T08:23:41.207000Z
33970093,10800.00000000,0.00925001,10800,10800.01,59900.03559820,2018-01-18T08:23:41.207000Z
33970093,10800.00000000,0.00925001,10800,10800.01,59900.03559820,2018-01-18T08:23:41.207000Z
33970093,10800.00000000,0.00925001,10800,10800.01,59900.03559820,2018-01-18T08:23:41.207000Z
33970093,10800.00000000,0.00925001,10800,10800.01,59900.03559820,2018-01-18T08:23:41.207000Z
33970093,10800.00000000,0.00925001,10800,10800.01,59900.03559820,2018-01-18T08:23:41.207000Z
33970094,10800.00000000,0.01000000,10800,10800.01,59900.03559820,2018-01-18T08:23:46.850000Z
33970094,10800.00000000,0.01000000,10800,10800.01,59900.03559820,2018-01-18T08:23:46.850000Z
33970096,10800.00000000,0.17600000,10800,10800.01,59900.03559820,2018-01-18T08:23:48.897000Z
33970096,10800.00000000,0.17600000,10800,10800.01,59900.03559820,2018-01-18T08:23:48.897000Z
33970096,10800.00000000,0.17600000,10800,10800.01,59900.03559820,2018-01-18T08:23:48.897000Z
33970096,10800.00000000,0.17600000,10800,10800.01,59900.03559820,2018-01-18T08:23:48.897000Z
33970097,10800.01000000,0.99750623,10800,10800.01,59900.03559820,2018-01-18T08:23:52.917000Z
33970097,10800.01000000,0.99750623,10800,10800.01,59900.03559820,2018-01-18T08:23:52.917000Z
33970097,10800.01000000,0.99750623,10800,10800.01,59900.03559820,2018-01-18T08:23:52.917000Z
33970097,10800.01000000,0.99750623,10800,10800.01,59900.03559820,2018-01-18T08:23:52.917000Z
33970097,10800.01000000,0.99750623,10800,10800.01,59900.03559820,2018-01-18T08:23:52.917000Z
33970097,10800.01000000,0.99750623,10800,10800.01,59900.03559820,2018-01-18T08:23:52.917000Z
33970101,10787.07000000,0.10000000,10787.06,10800.01,59900.03559820,2018-01-18T08:23:59.393000Z
33970103,10787.06000000,0.19076973,10787,10787.01,59900.03559820,2018-01-18T08:23:59.393000Z
33970103,10787.06000000,0.19076973,10787,10787.01,59900.03559820,2018-01-18T08:23:59.393000Z
33970105,10787.01000000,0.00070113,10787,10787.01,59900.03559820,2018-01-18T08:24:02.178000Z
33970116,10776.59000000,0.33927518,10781.19,10781.78,59900.03559820,2018-01-18T08:24:02.482000Z
33970116,10776.59000000,0.33927518,10781.77,10781.78,59900.03559820,2018-01-18T08:24:02.482000Z
33970116,10776.59000000,0.33927518,10781.19,10781.78,59900.03559820,2018-01-18T08:24:02.482000Z
33970116,10776.59000000,0.33927518,10781.19,10781.78,59900.03559820,2018-01-18T08:24:02.482000Z
33970118,10781.19000000,0.04290417,10781.76,10781.77,59900.03559820,2018-01-18T08:24:07.029000Z
33970118,10781.19000000,0.04290417,10781.75,10781.76,59900.03559820,2018-01-18T08:24:07.029000Z
33970118,10781.19000000,0.04290417,10781.19,10781.2,59900.03559820,2018-01-18T08:24:07.029000Z
33970126,10771.37000000,0.02903937,10771.36,10781.2,59900.03559820,2018-01-18T08:24:10.539000Z
33970128,10771.37000000,0.46000000,10779.12,10781.2,59900.03559820,2018-01-18T08:24:10.649000Z
33970128,10771.37000000,0.46000000,10776.65,10781.19,59900.03559820,2018-01-18T08:24:10.649000Z
33970128,10771.37000000,0.46000000,10781.18,10781.19,59900.03559820,2018-01-18T08:24:10.649000Z
33970128,10771.37000000,0.46000000,10781.18,10781.19,59900.03559820,2018-01-18T08:24:10.649000Z
33970128,10771.37000000,0.46000000,10781.18,10781.19,59900.03559820,2018-01-18T08:24:10.649000Z
33970128,10771.37000000,0.46000000,10781.18,10781.19,59900.03559820,2018-01-18T08:24:10.649000Z
33970128,10771.37000000,0.46000000,10781.18,10781.19,59900.03559820,2018-01-18T08:24:10.649000Z
33970128,10771.37000000,0.46000000,10781.18,10781.19,59900.03559820,2018-01-18T08:24:10.649000Z
33970128,10771.37000000,0.46000000,10781.18,10781.19,59900.03559820,2018-01-18T08:24:10.649000Z
33970128,10771.37000000,0.46000000,10781.18,10781.19,59900.03559820,2018-01-18T08:24:10.649000Z
33970153,10750.00000000,0.08583502,10759.62,10759.63,59900.03559820,2018-01-18T08:24:21.081000Z
33970155,10781.18000000,0.02000000,10771.4,10781.18,59900.03559820,2018-01-18T08:24:22.085000Z
33970156,10781.17000000,0.29500000,10781.17,10781.18,59900.03559820,2018-01-18T08:24:22.919000Z
33970156,10781.17000000,0.29500000,10781.17,10781.18,59900.03559820,2018-01-18T08:24:22.919000Z
33970156,10781.17000000,0.29500000,10781.17,10781.18,59900.03559820,2018-01-18T08:24:22.919000Z
33970156,10781.17000000,0.29500000,10781.17,10781.18,59900.03559820,2018-01-18T08:24:22.919000Z
33970156,10781.17000000,0.29500000,10781.17,10781.18,59900.03559820,2018-01-18T08:24:22.919000Z
33970156,10781.17000000,0.29500000,10781.17,10781.18,59900.03559820,2018-01-18T08:24:22.919000Z
33970156,10781.17000000,0.29500000,10781.17,10781.18,59900.03559820,2018-01-18T08:24:22.919000Z
33970156,10781.17000000,0.29500000,10781.17,10781.18,59900.03559820,2018-01-18T08:24:22.919000Z
33970156,10781.17000000,0.29500000,10781.17,10781.18,59900.03559820,2018-01-18T08:24:22.919000Z
33970156,10781.17000000,0.29500000,10781.17,10781.18,59900.03559820,2018-01-18T08:24:22.919000Z
33970156,10781.17000000,0.29500000,10781.17,10781.18,59900.03559820,2018-01-18T08:24:22.919000Z
33970156,10781.17000000,0.29500000,10781.17,10781.18,59900.03559820,2018-01-18T08:24:22.919000Z
33970156,10781.17000000,0.29500000,10781.17,10781.18,59900.03559820,2018-01-18T08:24:22.919000Z
33970156,10781.17000000,0.29500000,10781.17,10781.18,59900.03559820,2018-01-18T08:24:22.919000Z
33970156,10781.17000000,0.29500000,10781.17,10781.18,59900.03559820,2018-01-18T08:24:22.919000Z
33970156,10781.17000000,0.29500000,10781.17,10781.18,59900.03559820,2018-01-18T08:24:22.919000Z
33970156,10781.17000000,0.29500000,10781.17,10781.18,59900.03559820,2018-01-18T08:24:22.919000Z
33970156,10781.17000000,0.29500000,10781.17,10781.18,59900.03559820,2018-01-18T08:24:22.919000Z
33970156,10781.17000000,0.29500000,10781.17,10781.18,59900.03559820,2018-01-18T08:24:22.919000Z
33970156,10781.17000000,0.29500000,10781.17,10781.18,59900.03559820,2018-01-18T08:24:22.919000Z
33970157,10781.17000000,0.01881205,10781.17,10781.18,59900.03559820,2018-01-18T08:24:42.654000Z
33970162,10781.18000000,0.74977120,10781.17,10781.18,59900.03559820,2018-01-18T08:24:44.582000Z
33970162,10781.18000000,0.74977120,10781.17,10781.18,59900.03559820,2018-01-18T08:24:44.582000Z
33970162,10781.18000000,0.74977120,10781.17,10781.18,59900.03559820,2018-01-18T08:24:44.582000Z
33970162,10781.18000000,0.74977120,10781.17,10781.18,59900.03559820,2018-01-18T08:24:44.582000Z
33970162,10781.18000000,0.74977120,10781.17,10781.18,59900.03559820,2018-01-18T08:24:44.582000Z
33970162,10781.18000000,0.74977120,10781.17,10781.18,59900.03559820,2018-01-18T08:24:44.582000Z
33970162,10781.18000000,0.74977120,10781.17,10781.18,59900.03559820,2018-01-18T08:24:44.582000Z
33970162,10781.18000000,0.74977120,10781.17,10781.18,59900.03559820,2018-01-18T08:24:44.582000Z
33970162,10781.18000000,0.74977120,10781.17,10781.18,59900.03559820,2018-01-18T08:24:44.582000Z
33970162,10781.18000000,0.74977120,10781.17,10781.18,59900.03559820,2018-01-18T08:24:44.582000Z
33970162,10781.18000000,0.74977120,10781.17,10781.18,59900.03559820,2018-01-18T08:24:44.582000Z
33970162,10781.18000000,0.74977120,10781.17,10781.18,59900.03559820,2018-01-18T08:24:44.582000Z
33970162,10781.18000000,0.74977120,10781.17,10781.18,59900.03559820,2018-01-18T08:24:44.582000Z
33970162,10781.18000000,0.74977120,10781.17,10781.18,59900.03559820,2018-01-18T08:24:44.582000Z
33970162,10781.18000000,0.74977120,10781.17,10781.18,59900.03559820,2018-01-18T08:24:44.582000Z
33970162,10781.18000000,0.74977120,10781.17,10781.18,59900.03559820,2018-01-18T08:24:44.582000Z
33970162,10781.18000000,0.74977120,10781.17,10781.18,59900.03559820,2018-01-18T08:24:44.582000Z
33970162,10781.18000000,0.74977120,10781.17,10781.18,59900.03559820,2018-01-18T08:24:44.582000Z
33970162,10781.18000000,0.74977120,10781.17,10781.18,59900.03559820,2018-01-18T08:24:44.582000Z
33970162,10781.18000000,0.74977120,10781.17,10781.18,59900.03559820,2018-01-18T08:24:44.582000Z
33970162,10781.18000000,0.74977120,10781.17,10781.18,59900.03559820,2018-01-18T08:24:44.582000Z
33970163,10781.18000000,0.02000000,10781.17,10781.18,59900.03559820,2018-01-18T08:25:05.350000Z
33970164,10781.18000000,0.79090000,10781.17,10781.18,59900.03559820,2018-01-18T08:25:06.322000Z
33970164,10781.18000000,0.79090000,10781.17,10781.18,59900.03559820,2018-01-18T08:25:06.322000Z
33970165,10781.18000000,0.00700000,10781.17,10781.18,59900.03559820,2018-01-18T08:25:08.128000Z
33970165,10781.18000000,0.00700000,10781.17,10781.18,59900.03559820,2018-01-18T08:25:08.128000Z
33970165,10781.18000000,0.00700000,10781.17,10781.18,59900.03559820,2018-01-18T08:25:08.128000Z
33970165,10781.18000000,0.00700000,10781.17,10781.18,59900.03559820,2018-01-18T08:25:08.128000Z
33970165,10781.18000000,0.00700000,10781.17,10781.18,59900.03559820,2018-01-18T08:25:08.128000Z
33970165,10781.18000000,0.00700000,10781.17,10781.18,59900.03559820,2018-01-18T08:25:08.128000Z
33970165,10781.18000000,0.00700000,10781.17,10781.18,59900.03559820,2018-01-18T08:25:08.128000Z
33970165,10781.18000000,0.00700000,10781.17,10781.18,59900.03559820,2018-01-18T08:25:08.128000Z
33970178,10782.93000000,0.00173740,10781.17,10782.93,59900.03559820,2018-01-18T08:25:16.428000Z
33970178,10782.93000000,0.00173740,10782.92,10782.93,59900.03559820,2018-01-18T08:25:16.428000Z
33970178,10782.93000000,0.00173740,10782.92,10782.93,59900.03559820,2018-01-18T08:25:16.428000Z
33970182,10799.22000000,0.01503275,10799.21,10799.22,59887.12400164,2018-01-18T08:25:18.729000Z
33970182,10799.22000000,0.01503275,10799.21,10799.22,59887.12400164,2018-01-18T08:25:18.729000Z
33970182,10799.22000000,0.01503275,10799.21,10799.22,59887.12400164,2018-01-18T08:25:18.729000Z
33970182,10799.22000000,0.01503275,10799.21,10799.22,59887.12400164,2018-01-18T08:25:18.729000Z
33970182,10799.22000000,0.01503275,10799.21,10799.22,59887.12400164,2018-01-18T08:25:18.729000Z
33970182,10799.22000000,0.01503275,10799.21,10799.22,59887.12400164,2018-01-18T08:25:18.729000Z
33970184,10799.22000000,0.00503275,10799.21,10799.22,59887.12400164,2018-01-18T08:25:24.810000Z
33970184,10799.22000000,0.00503275,10799.21,10799.22,59887.12400164,2018-01-18T08:25:24.810000Z
33970184,10799.22000000,0.00503275,10799.21,10799.22,59887.12400164,2018-01-18T08:25:24.810000Z
33970184,10799.22000000,0.00503275,10799.21,10799.22,59887.12400164,2018-01-18T08:25:24.810000Z
33970184,10799.22000000,0.00503275,10799.21,10799.22,59887.12400164,2018-01-18T08:25:24.810000Z
33970188,10799.22000000,0.12500000,10799.21,10799.22,59887.12400164,2018-01-18T08:25:30.631000Z
33970189,10799.22000000,0.00923037,10799.21,10799.22,59887.12400164,2018-01-18T08:25:31.715000Z
33970189,10799.22000000,0.00923037,10799.21,10799.22,59887.12400164,2018-01-18T08:25:31.715000Z
33970189,10799.22000000,0.00923037,10799.21,10799.22,59887.12400164,2018-01-18T08:25:31.715000Z
33970189,10799.22000000,0.00923037,10799.21,10799.22,59887.12400164,2018-01-18T08:25:31.715000Z
33970189,10799.22000000,0.00923037,10799.21,10799.22,59887.12400164,2018-01-18T08:25:31.715000Z
33970189,10799.22000000,0.00923037,10799.21,10799.22,59887.12400164,2018-01-18T08:25:31.715000Z
33970189,10799.22000000,0.00923037,10799.21,10799.22,59887.12400164,2018-01-18T08:25:31.715000Z
33970189,10799.22000000,0.00923037,10799.21,10799.22,59887.12400164,2018-01-18T08:25:31.715000Z
33970189,10799.22000000,0.00923037,10799.21,10799.22,59887.12400164,2018-01-18T08:25:31.715000Z
33970189,10799.22000000,0.00923037,10799.21,10799.22,59887.12400164,2018-01-18T08:25:31.715000Z
33970189,10799.22000000,0.00923037,10799.21,10799.22,59887.12400164,2018-01-18T08:25:31.715000Z
33970189,10799.22000000,0.00923037,10799.21,10799.22,59887.12400164,2018-01-18T08:25:31.715000Z
33970189,10799.22000000,0.00923037,10799.21,10799.22,59887.12400164,2018-01-18T08:25:31.715000Z
33970189,10799.22000000,0.00923037,10799.21,10799.22,59887.12400164,2018-01-18T08:25:31.715000Z
33970189,10799.22000000,0.00923037,10799.21,10799.22,59887.12400164,2018-01-18T08:25:31.715000Z
33970189,10799.22000000,0.00923037,10799.21,10799.22,59887.12400164,2018-01-18T08:25:31.715000Z
33970189,10799.22000000,0.00923037,10799.21,10799.22,59887.12400164,2018-01-18T08:25:31.715000Z
33970189,10799.22000000,0.00923037,10799.21,10799.22,59887.12400164,2018-01-18T08:25:31.715000Z
33970189,10799.22000000,0.00923037,10799.21,10799.22,59887.12400164,2018-01-18T08:25:31.715000Z
33970190,10799.22000000,0.06800179,10799.21,10799.22,59887.12400164,2018-01-18T08:25:49.858000Z
33970190,10799.22000000,0.06800179,10799.21,10799.22,59887.12400164,2018-01-18T08:25:49.858000Z
33970190,10799.22000000,0.06800179,10799.21,10799.22,59887.12400164,2018-01-18T08:25:49.858000Z
33970190,10799.22000000,0.06800179,10799.21,10799.22,59887.12400164,2018-01-18T08:25:49.858000Z
33970190,10799.22000000,0.06800179,10799.21,10799.22,59887.12400164,2018-01-18T08:25:49.858000Z
33970196,10799.21000000,0.01417772,10799.21,10799.22,59887.12400164,2018-01-18T08:25:55.548000Z
33970196,10799.21000000,0.01417772,10799.21,10799.22,59887.12400164,2018-01-18T08:25:55.548000Z
33970196,10799.21000000,0.01417772,10799.21,10799.22,59887.12400164,2018-01-18T08:25:55.548000Z
33970196,10799.21000000,0.01417772,10799.21,10799.22,59887.12400164,2018-01-18T08:25:55.548000Z
33970196,10799.21000000,0.01417772,10799.21,10799.22,59887.12400164,2018-01-18T08:25:55.548000Z
33970196,10799.21000000,0.01417772,10799.21,10799.22,59887.12400164,2018-01-18T08:25:55.548000Z
33970196,10799.21000000,0.01417772,10799.21,10799.22,59887.12400164,2018-01-18T08:25:55.548000Z
33970196,10799.21000000,0.01417772,10799.21,10799.22,59887.12400164,2018-01-18T08:25:55.548000Z
33970196,10799.21000000,0.01417772,10799.21,10799.22,59887.12400164,2018-01-18T08:25:55.548000Z
33970196,10799.21000000,0.01417772,10799.21,10799.22,59887.12400164,2018-01-18T08:25:55.548000Z
33970196,10799.21000000,0.01417772,10799.21,10799.22,59887.12400164,2018-01-18T08:25:55.548000Z
33970196,10799.21000000,0.01417772,10799.21,10799.22,59887.12400164,2018-01-18T08:25:55.548000Z
33970196,10799.21000000,0.01417772,10799.21,10799.22,59887.12400164,2018-01-18T08:25:55.548000Z
33970196,10799.21000000,0.01417772,10799.21,10799.22,59887.12400164,2018-01-18T08:25:55.548000Z
33970196,10799.21000000,0.01417772,10799.21,10799.22,59887.12400164,2018-01-18T08:25:55.548000Z
33970196,10799.21000000,0.01417772,10799.21,10799.22,59887.12400164,2018-01-18T08:25:55.548000Z
33970196,10799.21000000,0.01417772,10799.21,10799.22,59887.12400164,2018-01-18T08:25:55.548000Z
33970196,10799.21000000,0.01417772,10799.21,10799.22,59887.12400164,2018-01-18T08:25:55.548000Z
33970196,10799.21000000,0.01417772,10799.21,10799.22,59887.12400164,2018-01-18T08:25:55.548000Z
33970196,10799.21000000,0.01417772,10799.21,10799.22,59887.12400164,2018-01-18T08:25:55.548000Z
33970196,10799.21000000,0.01417772,10799.21,10799.22,59887.12400164,2018-01-18T08:25:55.548000Z
33970196,10799.21000000,0.01417772,10799.21,10799.22,59887.12400164,2018-01-18T08:25:55.548000Z
33970196,10799.21000000,0.01417772,10799.21,10799.22,59887.12400164,2018-01-18T08:25:55.548000Z
33970196,10799.21000000,0.01417772,10799.21,10799.22,59887.12400164,2018-01-18T08:25:55.548000Z
33970196,10799.21000000,0.01417772,10799.21,10799.22,59887.12400164,2018-01-18T08:25:55.548000Z
33970198,10799.22000000,0.16940000,10799.21,10799.22,59887.12400164,2018-01-18T08:26:20.270000Z
33970198,10799.22000000,0.16940000,10799.21,10799.22,59887.12400164,2018-01-18T08:26:20.270000Z
33970198,10799.22000000,0.16940000,10799.21,10799.22,59887.12400164,2018-01-18T08:26:20.270000Z
33970198,10799.22000000,0.16940000,10799.21,10799.22,59887.12400164,2018-01-18T08:26:20.270000Z
33970198,10799.22000000,0.16940000,10799.21,10799.22,59887.12400164,2018-01-18T08:26:20.270000Z
33970198,10799.22000000,0.16940000,10799.21,10799.22,59887.12400164,2018-01-18T08:26:20.270000Z
33970198,10799.22000000,0.16940000,10799.21,10799.22,59887.12400164,2018-01-18T08:26:20.270000Z
33970198,10799.22000000,0.16940000,10799.21,10799.22,59887.12400164,2018-01-18T08:26:20.270000Z
33970198,10799.22000000,0.16940000,10799.21,10799.22,59887.12400164,2018-01-18T08:26:20.270000Z
33970198,10799.22000000,0.16940000,10799.21,10799.22,59887.12400164,2018-01-18T08:26:20.270000Z
33970198,10799.22000000,0.16940000,10799.21,10799.22,59887.12400164,2018-01-18T08:26:20.270000Z
33970198,10799.22000000,0.16940000,10799.21,10799.22,59887.12400164,2018-01-18T08:26:20.270000Z
33970198,10799.22000000,0.16940000,10799.21,10799.22,59887.12400164,2018-01-18T08:26:20.270000Z
33970198,10799.22000000,0.16940000,10799.21,10799.22,59887.12400164,2018-01-18T08:26:20.270000Z
33970198,10799.22000000,0.16940000,10799.21,10799.22,59887.12400164,2018-01-18T08:26:20.270000Z
33970198,10799.22000000,0.16940000,10799.21,10799.22,59887.12400164,2018-01-18T08:26:20.270000Z
33970198,10799.22000000,0.16940000,10799.21,10799.22,59887.12400164,2018-01-18T08:26:20.270000Z
33970198,10799.22000000,0.16940000,10799.21,10799.22,59887.12400164,2018-01-18T08:26:20.270000Z
33970199,10799.21000000,0.03890000,10799.21,10799.22,59887.12400164,2018-01-18T08:26:37.911000Z
33970207,10810.00000000,0.39897275,10809.99,10810,59887.12400164,2018-01-18T08:26:38.691000Z
33970208,10810.00000000,0.02572421,10809.99,10810,59887.12400164,2018-01-18T08:26:40.401000Z
33970208,10810.00000000,0.02572421,10809.99,10810,59887.12400164,2018-01-18T08:26:40.401000Z
33970208,10810.00000000,0.02572421,10809.99,10810,59887.12400164,2018-01-18T08:26:40.401000Z
33970208,10810.00000000,0.02572421,10809.99,10810,59887.12400164,2018-01-18T08:26:40.401000Z
33970208,10810.00000000,0.02572421,10809.99,10810,59887.12400164,2018-01-18T08:26:40.401000Z
33970209,10809.99000000,0.00100000,10809.99,10810,59887.12400164,2018-01-18T08:26:45.105000Z
33970209,10809.99000000,0.00100000,10809.99,10810,59887.12400164,2018-01-18T08:26:45.105000Z
33970209,10809.99000000,0.00100000,10809.99,10810,59887.12400164,2018-01-18T08:26:45.105000Z
33970209,10809.99000000,0.00100000,10809.99,10810,59887.12400164,2018-01-18T08:26:45.105000Z
33970212,10810.00000000,0.03589115,10809.99,10810,59887.12400164,2018-01-18T08:26:49.015000Z
33970212,10810.00000000,0.03589115,10809.99,10810,59887.12400164,2018-01-18T08:26:49.015000Z
33970212,10810.00000000,0.03589115,10809.99,10810,59887.12400164,2018-01-18T08:26:49.015000Z
33970212,10810.00000000,0.03589115,10809.99,10810,59887.12400164,2018-01-18T08:26:49.015000Z
33970212,10810.00000000,0.03589115,10809.99,10810,59887.12400164,2018-01-18T08:26:49.015000Z
33970212,10810.00000000,0.03589115,10809.99,10810,59887.12400164,2018-01-18T08:26:49.015000Z
33970214,10810.00000000,0.17224844,10809.99,10810,59887.12400164,2018-01-18T08:26:55.492000Z
33970214,10810.00000000,0.17224844,10809.99,10810,59887.12400164,2018-01-18T08:26:55.492000Z
33970214,10810.00000000,0.17224844,10809.99,10810,59887.12400164,2018-01-18T08:26:55.492000Z
33970214,10810.00000000,0.17224844,10809.99,10810,59887.12400164,2018-01-18T08:26:55.492000Z
33970214,10810.00000000,0.17224844,10809.99,10810,59887.12400164,2018-01-18T08:26:55.492000Z
33970214,10810.00000000,0.17224844,10809.99,10810,59869.73937819,2018-01-18T08:26:55.492000Z
33970214,10810.00000000,0.17224844,10809.99,10810,59869.73937819,2018-01-18T08:26:55.492000Z
33970214,10810.00000000,0.17224844,10809.99,10810,59869.73937819,2018-01-18T08:26:55.492000Z
33970214,10810.00000000,0.17224844,10809.99,10810,59869.73937819,2018-01-18T08:26:55.492000Z
33970214,10810.00000000,0.17224844,10809.99,10810,59869.73937819,2018-01-18T08:26:55.492000Z
33970214,10810.00000000,0.17224844,10809.99,10810,59869.73937819,2018-01-18T08:26:55.492000Z
33970214,10810.00000000,0.17224844,10809.99,10810,59869.73937819,2018-01-18T08:26:55.492000Z
33970214,10810.00000000,0.17224844,10809.99,10810,59869.73937819,2018-01-18T08:26:55.492000Z
33970215,10809.99000000,0.02347978,10809.99,10810,59869.73937819,2018-01-18T08:27:08.524000Z
33970215,10809.99000000,0.02347978,10809.99,10810,59869.73937819,2018-01-18T08:27:08.524000Z
33970215,10809.99000000,0.02347978,10809.99,10810,59869.73937819,2018-01-18T08:27:08.524000Z
33970215,10809.99000000,0.02347978,10809.99,10810,59869.73937819,2018-01-18T08:27:08.524000Z
33970215,10809.99000000,0.02347978,10809.99,10810,59869.73937819,2018-01-18T08:27:08.524000Z
33970215,10809.99000000,0.02347978,10809.99,10810,59869.73937819,2018-01-18T08:27:08.524000Z
33970215,10809.99000000,0.02347978,10809.99,10810,59869.73937819,2018-01-18T08:27:08.524000Z
33970215,10809.99000000,0.02347978,10809.99,10810,59869.73937819,2018-01-18T08:27:08.524000Z
33970215,10809.99000000,0.02347978,10809.99,10810,59869.73937819,2018-01-18T08:27:08.524000Z
33970215,10809.99000000,0.02347978,10809.99,10810,59869.73937819,2018-01-18T08:27:08.524000Z
33970216,10809.99000000,0.04730000,10809.99,10810,59869.73937819,2018-01-18T08:27:17.906000Z
33970216,10809.99000000,0.04730000,10809.99,10810,59869.73937819,2018-01-18T08:27:17.906000Z
33970216,10809.99000000,0.04730000,10809.99,10810,59869.73937819,2018-01-18T08:27:17.906000Z
33970216,10809.99000000,0.04730000,10809.99,10810,59869.73937819,2018-01-18T08:27:17.906000Z
33970216,10809.99000000,0.04730000,10809.99,10810,59869.73937819,2018-01-18T08:27:17.906000Z
33970216,10809.99000000,0.04730000,10809.99,10810,59869.73937819,2018-01-18T08:27:17.906000Z
33970216,10809.99000000,0.04730000,10809.99,10810,59869.73937819,2018-01-18T08:27:17.906000Z
33970216,10809.99000000,0.04730000,10809.99,10810,59869.73937819,2018-01-18T08:27:17.906000Z
33970216,10809.99000000,0.04730000,10809.99,10810,59869.73937819,2018-01-18T08:27:17.906000Z
33970216,10809.99000000,0.04730000,10809.99,10810,59869.73937819,2018-01-18T08:27:17.906000Z
33970216,10809.99000000,0.04730000,10809.99,10810,59869.73937819,2018-01-18T08:27:17.906000Z
33970216,10809.99000000,0.04730000,10809.99,10810,59869.73937819,2018-01-18T08:27:17.906000Z
33970227,10820.00000000,0.02765728,10819.99,10820,59869.73937819,2018-01-18T08:27:30.266000Z
33970232,10822.99000000,0.00493988,10820.06,10822.99,59869.73937819,2018-01-18T08:27:31.017000Z
33970238,10828.31000000,0.00070254,10823.01,10828.31,59869.73937819,2018-01-18T08:27:32.309000Z
33970241,10832.64000000,0.04990254,10828.31,10832.64,59869.73937819,2018-01-18T08:27:32.944000Z
33970243,10832.64000000,0.00000844,10832.63,10832.64,59869.73937819,2018-01-18T08:27:34.055000Z
33970245,10832.64000000,0.00200000,10839.56,10839.57,59869.73937819,2018-01-18T08:27:35.059000Z
33970247,10839.57000000,0.08040250,10839.57,10841,59869.73937819,2018-01-18T08:27:36.610000Z
33970247,10839.57000000,0.08040250,10840.99,10841,59869.73937819,2018-01-18T08:27:36.610000Z
33970247,10839.57000000,0.08040250,10840.99,10841,59869.73937819,2018-01-18T08:27:36.610000Z
33970247,10839.57000000,0.08040250,10840.99,10841,59869.73937819,2018-01-18T08:27:36.610000Z
33970255,10849.77000000,0.00200000,10849.76,10850.24,59869.73937819,2018-01-18T08:27:40.559000Z
33970258,10851.49000000,0.00200000,10856.15,10856.16,59869.73937819,2018-01-18T08:27:40.940000Z
33970258,10851.49000000,0.00200000,10856.15,10856.16,59869.73937819,2018-01-18T08:27:40.940000Z
33970258,10851.49000000,0.00200000,10856.15,10856.16,59869.73937819,2018-01-18T08:27:40.940000Z
33970258,10851.49000000,0.00200000,10856.15,10856.16,59869.73937819,2018-01-18T08:27:40.940000Z
33970258,10851.49000000,0.00200000,10856.15,10856.16,59869.73937819,2018-01-18T08:27:40.940000Z
33970258,10851.49000000,0.00200000,10856.15,10856.16,59869.73937819,2018-01-18T08:27:40.940000Z
33970258,10851.49000000,0.00200000,10856.15,10856.16,59869.73937819,2018-01-18T08:27:40.940000Z
33970258,10851.49000000,0.00200000,10856.15,10856.16,59869.73937819,2018-01-18T08:27:40.940000Z
33970258,10851.49000000,0.00200000,10856.15,10856.16,59869.73937819,2018-01-18T08:27:40.940000Z
33970258,10851.49000000,0.00200000,10856.15,10856.16,59869.73937819,2018-01-18T08:27:40.940000Z
33970258,10851.49000000,0.00200000,10856.15,10856.16,59869.73937819,2018-01-18T08:27:40.940000Z
33970258,10851.49000000,0.00200000,10856.15,10856.16,59869.73937819,2018-01-18T08:27:40.940000Z
33970258,10851.49000000,0.00200000,10856.15,10856.16,59869.73937819,2018-01-18T08:27:40.940000Z
33970258,10851.49000000,0.00200000,10856.15,10856.16,59869.73937819,2018-01-18T08:27:40.940000Z
33970258,10851.49000000,0.00200000,10856.15,10856.16,59869.73937819,2018-01-18T08:27:40.940000Z
33970258,10851.49000000,0.00200000,10856.15,10856.16,59869.73937819,2018-01-18T08:27:40.940000Z
33970258,10851.49000000,0.00200000,10856.15,10856.16,59869.73937819,2018-01-18T08:27:40.940000Z
33970258,10851.49000000,0.00200000,10856.15,10856.16,59869.73937819,2018-01-18T08:27:40.940000Z
33970258,10851.49000000,0.00200000,10856.15,10856.16,59869.73937819,2018-01-18T08:27:40.940000Z
33970258,10851.49000000,0.00200000,10856.15,10856.16,59869.73937819,2018-01-18T08:27:40.940000Z
33970259,10856.15000000,0.20460000,10856.15,10856.16,59869.73937819,2018-01-18T08:28:01.425000Z
33970259,10856.15000000,0.20460000,10856.15,10856.16,59869.73937819,2018-01-18T08:28:01.425000Z
33970259,10856.15000000,0.20460000,10856.15,10856.16,59869.73937819,2018-01-18T08:28:01.425000Z
33970259,10856.15000000,0.20460000,10856.15,10856.16,59869.73937819,2018-01-18T08:28:01.425000Z
33970259,10856.15000000,0.20460000,10856.15,10856.16,59869.73937819,2018-01-18T08:28:01.425000Z
33970259,10856.15000000,0.20460000,10856.15,10856.16,59869.73937819,2018-01-18T08:28:01.425000Z
33970261,10857.00000000,0.18185371,10856.16,10856.99,59869.73937819,2018-01-18T08:28:07.575000Z
33970266,10857.00000000,0.00751896,10856.99,10857,59869.73937819,2018-01-18T08:28:08.974000Z
33970272,10867.12000000,0.05444676,10867.43,10867.44,59869.73937819,2018-01-18T08:28:09.311000Z
33970276,10867.44000000,0.03682450,10867.43,10867.44,59869.73937819,2018-01-18T08:28:10.901000Z
33970278,10867.44000000,0.00330057,10867.43,10867.44,59869.73937819,2018-01-18T08:28:11.584000Z
33970278,10867.44000000,0.00330057,10867.43,10867.44,59869.73937819,2018-01-18T08:28:11.584000Z
33970278,10867.44000000,0.00330057,10867.43,10867.44,59869.73937819,2018-01-18T08:28:11.584000Z
33970278,10867.44000000,0.00330057,10867.43,10867.44,59869.73937819,2018-01-18T08:28:11.584000Z
33970278,10867.44000000,0.00330057,10867.43,10867.44,59869.73937819,2018-01-18T08:28:11.584000Z
33970278,10867.44000000,0.00330057,10867.43,10867.44,59869.73937819,2018-01-18T08:28:11.584000Z
33970278,10867.44000000,0.00330057,10867.43,10867.44,59869.73937819,2018-01-18T08:28:11.584000Z
33970283,10873.88000000,0.12331942,10869.53,10873.88,59869.73937819,2018-01-18T08:28:18.392000Z
33970285,10869.54000000,0.00352061,10869.53,10869.54,59869.73937819,2018-01-18T08:28:19.635000Z
33970285,10869.54000000,0.00352061,10869.53,10869.54,59869.73937819,2018-01-18T08:28:19.635000Z
33970287,10873.88000000,0.00960416,10869.54,10873.88,59869.73937819,2018-01-18T08:28:21.830000Z
33970299,10879.99000000,0.00814617,10879.98,10879.99,59869.73937819,2018-01-18T08:28:22.498000Z
33970316,10893.56000000,0.00179723,10893.55,10893.56,59869.73937819,2018-01-18T08:28:23.454000Z
33970319,10893.56000000,0.00098743,10893.55,10893.56,59869.73937819,2018-01-18T08:28:24.715000Z
33970323,10893.56000000,0.00081183,10893.55,10893.56,59869.73937819,2018-01-18T08:28:25.765000Z
33970325,10893.56000000,0.00120301,10893.55,10893.56,59869.73937819,2018-01-18T08:28:26.115000Z
33970327,10893.56000000,0.00130077,10893.55,10893.56,59869.73937819,2018-01-18T08:28:27.012000Z
33970333,10893.56000000,0.00008767,10893.55,10893.56,59869.73937819,2018-01-18T08:28:28.650000Z
33970333,10893.56000000,0.00008767,10893.55,10893.56,59869.73937819,2018-01-18T08:28:28.650000Z
33970336,10893.56000000,0.01158000,10893.55,10893.56,59869.73937819,2018-01-18T08:28:30.702000Z
33970340,10893.56000000,0.00657816,10893.55,10893.56,59869.73937819,2018-01-18T08:28:31.983000Z
33970342,10893.55000000,0.01100000,10893.55,10893.56,59869.73937819,2018-01-18T08:28:32.790000Z
33970361,10882.98000000,0.01028818,10854.4,10882.98,59869.73937819,2018-01-18T08:28:33.716000Z
33970363,10879.57000000,0.00055261,10854.43,10879.57,59869.73937819,2018-01-18T08:28:34.347000Z
33970369,10893.56000000,0.09965616,10882.94,10882.99,59869.73937819,2018-01-18T08:28:35.738000Z
33970373,10870.05000000,0.22593010,10854.47,10870.05,59869.73937819,2018-01-18T08:28:36.566000Z
33970377,10870.05000000,0.10479595,10865.47,10870.05,59869.73937819,2018-01-18T08:28:37.801000Z
33970380,10868.57000000,0.00239313,10868.56,10868.57,59869.73937819,2018-01-18T08:28:38.462000Z
33970380,10868.57000000,0.00239313,10868.56,10868.57,59869.73937819,2018-01-18T08:28:38.462000Z
33970387,10868.57000000,0.07614832,10868.56,10868.57,59869.73937819,2018-01-18T08:28:40.714000Z
33970391,10868.57000000,0.01820000,10868.56,10868.57,59865.49554320,2018-01-18T08:28:41.748000Z
33970392,10868.57000000,0.00415319,10868.56,10868.57,59865.49554320,2018-01-18T08:28:42.045000Z
33970392,10868.57000000,0.00415319,10868.56,10868.57,59865.49554320,2018-01-18T08:28:42.045000Z
33970393,10868.57000000,0.02294474,10868.56,10868.57,59865.49554320,2018-01-18T08:28:44.048000Z
33970393,10868.57000000,0.02294474,10868.56,10868.57,59865.49554320,2018-01-18T08:28:44.048000Z
33970393,10868.57000000,0.02294474,10868.56,10868.57,59865.49554320,2018-01-18T08:28:44.048000Z
33970393,10868.57000000,0.02294474,10868.56,10868.57,59865.49554320,2018-01-18T08:28:44.048000Z
33970393,10868.57000000,0.02294474,10868.56,10868.57,59865.49554320,2018-01-18T08:28:44.048000Z
33970394,10868.57000000,0.02459600,10868.56,10868.57,59865.49554320,2018-01-18T08:28:49.106000Z
33970397,10879.37000000,0.04315700,10882.53,10882.98,59865.49554320,2018-01-18T08:28:50.517000Z
33970399,10882.97000000,0.00001300,10882.97,10882.98,59865.49554320,2018-01-18T08:28:51.216000Z
33970399,10882.97000000,0.00001300,10882.97,10882.98,59865.49554320,2018-01-18T08:28:51.216000Z
33970399,10882.97000000,0.00001300,10882.97,10882.98,59865.49554320,2018-01-18T08:28:51.216000Z
33970399,10882.97000000,0.00001300,10882.97,10882.98,59865.49554320,2018-01-18T08:28:51.216000Z
33970399,10882.97000000,0.00001300,10882.97,10882.98,59865.49554320,2018-01-18T08:28:51.216000Z
33970399,10882.97000000,0.00001300,10882.97,10882.98,59865.49554320,2018-01-18T08:28:51.216000Z
33970403,10882.98000000,0.00151846,10882.97,10882.98,59865.49554320,2018-01-18T08:28:57.598000Z
33970403,10882.98000000,0.00151846,10882.97,10882.98,59865.49554320,2018-01-18T08:28:57.598000Z
33970404,10882.97000000,0.00923001,10882.97,10882.98,59865.49554320,2018-01-18T08:28:59.950000Z
33970404,10882.97000000,0.00923001,10882.97,10882.98,59865.49554320,2018-01-18T08:28:59.950000Z
33970404,10882.97000000,0.00923001,10882.97,10882.98,59865.49554320,2018-01-18T08:28:59.950000Z
33970404,10882.97000000,0.00923001,10882.97,10882.98,59865.49554320,2018-01-18T08:28:59.950000Z
33970404,10882.97000000,0.00923001,10882.97,10882.98,59865.49554320,2018-01-18T08:28:59.950000Z
33970406,10882.98000000,0.41150000,10882.97,10882.98,59865.49554320,2018-01-18T08:29:04.610000Z
33970406,10882.98000000,0.41150000,10882.97,10882.98,59865.49554320,2018-01-18T08:29:04.610000Z
33970406,10882.98000000,0.41150000,10882.97,10882.98,59865.49554320,2018-01-18T08:29:04.610000Z
33970406,10882.98000000,0.41150000,10882.97,10882.98,59865.49554320,2018-01-18T08:29:04.610000Z
33970406,10882.98000000,0.41150000,10882.97,10882.98,59865.49554320,2018-01-18T08:29:04.610000Z
33970406,10882.98000000,0.41150000,10882.97,10882.98,59865.49554320,2018-01-18T08:29:04.610000Z
33970414,10855.46000000,0.11354250,10855.46,10855.47,59865.49554320,2018-01-18T08:29:10.280000Z
33970415,10855.47000000,0.04940000,10871.99,10872,59865.49554320,2018-01-18T08:29:10.893000Z
33970420,10872.00000000,0.04348948,10871.99,10872,59865.49554320,2018-01-18T08:29:12.130000Z
33970420,10872.00000000,0.04348948,10871.99,10872,59865.49554320,2018-01-18T08:29:12.130000Z
33970421,10872.00000000,0.06000000,10871.99,10872,59865.49554320,2018-01-18T08:29:14.726000Z
33970423,10871.99000000,0.04000000,10871.99,10872,59865.49554320,2018-01-18T08:29:15.788000Z
33970424,10872.00000000,0.00100000,10871.99,10872,59865.49554320,2018-01-18T08:29:15.929000Z
33970424,10872.00000000,0.00100000,10871.99,10872,59865.49554320,2018-01-18T08:29:15.929000Z
33970424,10872.00000000,0.00100000,10871.99,10872,59865.49554320,2018-01-18T08:29:15.929000Z
33970424,10872.00000000,0.00100000,10871.99,10872,59865.49554320,2018-01-18T08:29:15.929000Z
33970424,10872.00000000,0.00100000,10871.99,10872,59865.49554320,2018-01-18T08:29:15.929000Z
33970424,10872.00000000,0.00100000,10871.99,10872,59865.49554320,2018-01-18T08:29:15.929000Z
33970425,10872.00000000,0.00921628,10871.99,10872,59865.49554320,2018-01-18T08:29:22.110000Z
33970425,10872.00000000,0.00921628,10871.99,10872,59865.49554320,2018-01-18T08:29:22.110000Z
33970429,10882.98000000,0.34183910,10872,10882.98,59865.49554320,2018-01-18T08:29:24.830000Z
33970429,10882.98000000,0.34183910,10882.97,10882.98,59865.49554320,2018-01-18T08:29:24.830000Z
33970430,10882.98000000,0.38600624,10882.97,10882.98,59865.49554320,2018-01-18T08:29:26.194000Z
33970430,10882.98000000,0.38600624,10882.97,10882.98,59865.49554320,2018-01-18T08:29:26.194000Z
33970430,10882.98000000,0.38600624,10882.97,10882.98,59865.49554320,2018-01-18T08:29:26.194000Z
33970430,10882.98000000,0.38600624,10882.97,10882.98,59865.49554320,2018-01-18T08:29:26.194000Z
33970430,10882.98000000,0.38600624,10882.97,10882.98,59865.49554320,2018-01-18T08:29:26.194000Z
33970430,10882.98000000,0.38600624,10882.97,10882.98,59865.49554320,2018-01-18T08:29:26.194000Z
33970430,10882.98000000,0.38600624,10882.97,10882.98,59865.49554320,2018-01-18T08:29:26.194000Z
33970430,10882.98000000,0.38600624,10882.97,10882.98,59865.49554320,2018-01-18T08:29:26.194000Z
33970430,10882.98000000,0.38600624,10882.97,10882.98,59865.49554320,2018-01-18T08:29:26.194000Z
33970430,10882.98000000,0.38600624,10882.97,10882.98,59865.49554320,2018-01-18T08:29:26.194000Z
33970430,10882.98000000,0.38600624,10882.97,10882.98,59865.49554320,2018-01-18T08:29:26.194000Z
33970435,10899.70000000,0.37245793,10882.99,10899.7,59865.49554320,2018-01-18T08:29:37.708000Z
33970438,10900.00000000,0.30603468,10899.99,10900,59865.49554320,2018-01-18T08:29:37.855000Z
33970447,10912.38000000,0.40943585,10912.37,10912.38,59865.49554320,2018-01-18T08:29:39.584000Z
33970447,10912.38000000,0.40943585,10912.37,10912.38,59865.49554320,2018-01-18T08:29:39.584000Z
33970448,10912.38000000,0.03097666,10912.37,10912.38,59865.49554320,2018-01-18T08:29:41.112000Z
33970448,10912.38000000,0.03097666,10912.37,10912.38,59865.49554320,2018-01-18T08:29:41.112000Z
33970448,10912.38000000,0.03097666,10912.37,10912.38,59865.49554320,2018-01-18T08:29:41.112000Z
33970449,10912.38000000,0.19170000,10912.37,10912.38,59865.49554320,2018-01-18T08:29:44.724000Z
33970450,10912.38000000,0.23690862,10912.37,10912.38,59865.49554320,2018-01-18T08:29:45.212000Z
33970450,10912.38000000,0.23690862,10912.37,10912.38,59865.49554320,2018-01-18T08:29:45.212000Z
33970450,10912.38000000,0.23690862,10912.37,10912.38,59865.49554320,2018-01-18T08:29:45.212000Z
33970450,10912.38000000,0.23690862,10912.37,10912.38,59865.49554320,2018-01-18T08:29:45.212000Z
33970450,10912.38000000,0.23690862,10912.37,10912.38,59865.49554320,2018-01-18T08:29:45.212000Z
33970450,10912.38000000,0.23690862,10912.37,10912.38,59865.49554320,2018-01-18T08:29:45.212000Z
33970451,10912.38000000,0.01000000,10912.37,10912.38,59865.49554320,2018-01-18T08:29:51.376000Z
33970451,10912.38000000,0.01000000,10912.37,10912.38,59865.49554320,2018-01-18T08:29:51.376000Z
33970451,10912.38000000,0.01000000,10912.37,10912.38,59865.49554320,2018-01-18T08:29:51.376000Z
33970451,10912.38000000,0.01000000,10912.37,10912.38,59865.49554320,2018-01-18T08:29:51.376000Z
33970451,10912.38000000,0.01000000,10912.37,10912.38,59865.49554320,2018-01-18T08:29:51.376000Z
33970454,10912.38000000,0.38624132,10912.37,10912.38,59865.49554320,2018-01-18T08:29:56.855000Z
33970455,10912.38000000,0.33106399,10912.37,10912.38,59865.49554320,2018-01-18T08:29:57.294000Z
33970456,10912.38000000,0.05682412,10912.37,10912.38,59865.49554320,2018-01-18T08:29:58.295000Z
33970457,10912.37000000,0.00921664,10912.37,10912.38,59865.49554320,2018-01-18T08:29:59.204000Z
33970458,10912.38000000,0.00911644,10912.37,10912.38,59865.49554320,2018-01-18T08:30:00.142000Z
33970459,10912.38000000,1.12823690,10912.37,10912.38,59865.49554320,2018-01-18T08:30:00.918000Z
33970459,10912.38000000,1.12823690,10912.37,10912.38,59865.49554320,2018-01-18T08:30:00.918000Z
33970460,10912.37000000,0.32080000,10912.37,10912.38,59865.49554320,2018-01-18T08:30:03.326000Z
33970460,10912.37000000,0.32080000,10912.37,10912.38,59865.49554320,2018-01-18T08:30:03.326000Z
33970463,10912.37000000,0.23655317,10912.37,10912.38,59865.49554320,2018-01-18T08:30:05.646000Z
33970463,10912.37000000,0.23655317,10912.37,10912.38,59865.49554320,2018-01-18T08:30:05.646000Z
33970463,10912.37000000,0.23655317,10912.37,10912.38,59865.49554320,2018-01-18T08:30:05.646000Z
33970466,10912.38000000,0.01000000,10912.37,10912.38,59865.49554320,2018-01-18T08:30:08.747000Z
33970467,10912.38000000,0.01640637,10912.37,10912.38,59865.49554320,2018-01-18T08:30:10.092000Z
33970468,10912.38000000,0.01448998,10912.37,10912.38,59865.49554320,2018-01-18T08:30:10.428000Z
33970468,10912.38000000,0.01448998,10912.37,10912.38,59865.49554320,2018-01-18T08:30:10.428000Z
33970469,10912.37000000,0.01235761,10912.37,10912.38,59865.49554320,2018-01-18T08:30:12.065000Z
33970471,10912.38000000,0.02428600,10912.37,10912.38,59865.49554320,2018-01-18T08:30:13.915000Z
33970471,10912.38000000,0.02428600,10912.37,10912.38,59865.49554320,2018-01-18T08:30:13.915000Z
33970471,10912.38000000,0.02428600,10912.37,10912.38,59865.49554320,2018-01-18T08:30:13.915000Z
33970472,10912.38000000,0.05051531,10912.37,10912.38,59865.49554320,2018-01-18T08:30:16.899000Z
33970472,10912.38000000,0.05051531,10912.37,10912.38,59865.49554320,2018-01-18T08:30:16.899000Z
33970472,10912.38000000,0.05051531,10912.37,10912.38,59865.49554320,2018-01-18T08:30:16.899000Z
33970472,10912.38000000,0.05051531,10912.37,10912.38,59865.49554320,2018-01-18T08:30:16.899000Z
33970472,10912.38000000,0.05051531,10912.37,10912.38,59882.92129890,2018-01-18T08:30:16.899000Z
33970472,10912.38000000,0.05051531,10912.37,10912.38,59882.92129890,2018-01-18T08:30:16.899000Z
33970472,10912.38000000,0.05051531,10912.37,10912.38,59882.92129890,2018-01-18T08:30:16.899000Z
33970472,10912.38000000,0.05051531,10912.37,10912.38,59882.92129890,2018-01-18T08:30:16.899000Z
33970474,10912.37000000,0.03505384,10912.37,10912.38,59882.92129890,2018-01-18T08:30:24.871000Z
33970475,10912.38000000,0.09141051,10912.37,10912.38,59882.92129890,2018-01-18T08:30:25.413000Z
33970475,10912.38000000,0.09141051,10912.37,10912.38,59882.92129890,2018-01-18T08:30:25.413000Z
33970475,10912.38000000,0.09141051,10912.37,10912.38,59882.92129890,2018-01-18T08:30:25.413000Z
33970475,10912.38000000,0.09141051,10912.37,10912.38,59882.92129890,2018-01-18T08:30:25.413000Z
33970475,10912.38000000,0.09141051,10912.37,10912.38,59882.92129890,2018-01-18T08:30:25.413000Z
33970475,10912.38000000,0.09141051,10912.37,10912.38,59882.92129890,2018-01-18T08:30:25.413000Z
33970475,10912.38000000,0.09141051,10912.37,10912.38,59882.92129890,2018-01-18T08:30:25.413000Z
33970475,10912.38000000,0.09141051,10912.37,10912.38,59882.92129890,2018-01-18T08:30:25.413000Z
33970475,10912.38000000,0.09141051,10912.37,10912.38,59882.92129890,2018-01-18T08:30:25.413000Z
33970475,10912.38000000,0.09141051,10912.37,10912.38,59882.92129890,2018-01-18T08:30:25.413000Z
33970475,10912.38000000,0.09141051,10912.37,10912.38,59882.92129890,2018-01-18T08:30:25.413000Z
33970475,10912.38000000,0.09141051,10912.37,10912.38,59882.92129890,2018-01-18T08:30:25.413000Z
33970475,10912.38000000,0.09141051,10912.37,10912.38,59882.92129890,2018-01-18T08:30:25.413000Z
33970475,10912.38000000,0.09141051,10912.37,10912.38,59882.92129890,2018-01-18T08:30:25.413000Z
33970475,10912.38000000,0.09141051,10912.37,10912.38,59882.92129890,2018-01-18T08:30:25.413000Z
33970476,10912.38000000,0.02400000,10912.37,10912.38,59882.92129890,2018-01-18T08:30:40.604000Z
33970477,10912.38000000,0.00919406,10912.37,10912.38,59882.92129890,2018-01-18T08:30:41.722000Z
33970477,10912.38000000,0.00919406,10912.37,10912.38,59882.92129890,2018-01-18T08:30:41.722000Z
33970479,10912.38000000,0.03533186,10912.37,10912.38,59882.92129890,2018-01-18T08:30:43.214000Z
33970480,10912.38000000,0.29092674,10912.37,10912.38,59882.92129890,2018-01-18T08:30:44.237000Z
33970480,10912.38000000,0.29092674,10912.37,10912.38,59882.92129890,2018-01-18T08:30:44.237000Z
33970480,10912.38000000,0.29092674,10912.37,10912.38,59882.92129890,2018-01-18T08:30:44.237000Z
33970480,10912.38000000,0.29092674,10912.37,10912.38,59882.92129890,2018-01-18T08:30:44.237000Z
33970480,10912.38000000,0.29092674,10912.37,10912.38,59882.92129890,2018-01-18T08:30:44.237000Z
33970480,10912.38000000,0.29092674,10912.37,10912.38,59882.92129890,2018-01-18T08:30:44.237000Z
33970480,10912.38000000,0.29092674,10912.37,10912.38,59882.92129890,2018-01-18T08:30:44.237000Z
33970480,10912.38000000,0.29092674,10912.37,10912.38,59882.92129890,2018-01-18T08:30:44.237000Z
33970480,10912.38000000,0.29092674,10912.37,10912.38,59882.92129890,2018-01-18T08:30:44.237000Z
33970480,10912.38000000,0.29092674,10912.37,10912.38,59882.92129890,2018-01-18T08:30:44.237000Z
33970484,10912.40000000,0.09859078,10912.37,10912.4,59882.92129890,2018-01-18T08:30:54.866000Z
33970484,10912.40000000,0.09859078,10912.39,10912.4,59882.92129890,2018-01-18T08:30:54.866000Z
33970490,10915.00000000,0.00114291,10914.99,10915,59882.92129890,2018-01-18T08:30:56.791000Z
33970490,10915.00000000,0.00114291,10914.99,10915,59882.92129890,2018-01-18T08:30:56.791000Z
33970490,10915.00000000,0.00114291,10914.99,10915,59882.92129890,2018-01-18T08:30:56.791000Z
33970490,10915.00000000,0.00114291,10914.99,10915,59882.92129890,2018-01-18T08:30:56.791000Z
,,,,,,
33970497,10923.00000000,0.80000000,10922.99,10923,59882.92129890,2018-01-18T08:31:01.825000Z
33970499,10923.34000000,0.25000000,10924.99,10925,59882.92129890,2018-01-18T08:31:02.947000Z
33970503,10927.24000000,0.00991600,10927.23,10927.24,59882.92129890,2018-01-18T08:31:03.019000Z
33970533,10950.00000000,0.00100019,10949.99,10950,59882.92129890,2018-01-18T08:31:04.233000Z
33970533,10950.00000000,0.00100019,10949.99,10950,59882.92129890,2018-01-18T08:31:04.233000Z
33970533,10950.00000000,0.00100019,10949.99,10950,59882.92129890,2018-01-18T08:31:04.233000Z
33970534,10950.00000000,1.35940000,10949.99,10950,59882.92129890,2018-01-18T08:31:07.334000Z
33970534,10950.00000000,1.35940000,10949.99,10950,59882.92129890,2018-01-18T08:31:07.334000Z
33970535,10950.00000000,0.03210000,10949.99,10950,59882.92129890,2018-01-18T08:31:09.314000Z
33970535,10950.00000000,0.03210000,10949.99,10950,59882.92129890,2018-01-18T08:31:09.314000Z
33970535,10950.00000000,0.03210000,10949.99,10950,59882.92129890,2018-01-18T08:31:09.314000Z
33970537,10949.99000000,0.03299730,10949.99,10950,59882.92129890,2018-01-18T08:31:12.695000Z
33970538,10950.00000000,0.22177342,10949.99,10950,59882.92129890,2018-01-18T08:31:13.997000Z
33970538,10950.00000000,0.22177342,10949.99,10950,59882.92129890,2018-01-18T08:31:13.997000Z
33970538,10950.00000000,0.22177342,10949.99,10950,59882.92129890,2018-01-18T08:31:13.997000Z
33970548,10953.20000000,0.01238438,10953.19,10953.2,59882.92129890,2018-01-18T08:31:17.024000Z
33970548,10953.20000000,0.01238438,10953.19,10953.2,59882.92129890,2018-01-18T08:31:17.024000Z
33970548,10953.20000000,0.01238438,10953.19,10953.2,59882.92129890,2018-01-18T08:31:17.024000Z
33970548,10953.20000000,0.01238438,10953.19,10953.2,59882.92129890,2018-01-18T08:31:17.024000Z
33970548,10953.20000000,0.01238438,10953.19,10953.2,59882.92129890,2018-01-18T08:31:17.024000Z
33970548,10953.20000000,0.01238438,10953.19,10953.2,59882.92129890,2018-01-18T08:31:17.024000Z
33970557,10960.51000000,0.12829688,10960.5,10960.51,59882.92129890,2018-01-18T08:31:22.992000Z
33970557,10960.51000000,0.12829688,10960.5,10960.51,59882.92129890,2018-01-18T08:31:22.992000Z
33970557,10960.51000000,0.12829688,10960.5,10960.51,59882.92129890,2018-01-18T08:31:22.992000Z
33970557,10960.51000000,0.12829688,10960.5,10960.51,59882.92129890,2018-01-18T08:31:22.992000Z
33970560,10962.13000000,0.00829688,10960.51,10962.13,59882.92129890,2018-01-18T08:31:27.972000Z
33970560,10962.13000000,0.00829688,10962.12,10962.13,59882.92129890,2018-01-18T08:31:27.972000Z
33970560,10962.13000000,0.00829688,10962.12,10962.13,59882.92129890,2018-01-18T08:31:27.972000Z
33970569,10967.00000000,0.00108236,10962.17,10967,59882.92129890,2018-01-18T08:31:30.794000Z
33970576,10969.00000000,0.16600995,10968.99,10969,59882.92129890,2018-01-18T08:31:31.221000Z
33970581,10969.00000000,0.00215931,10968.99,10969,59882.92129890,2018-01-18T08:31:32.363000Z
33970581,10969.00000000,0.00215931,10968.99,10969,59882.92129890,2018-01-18T08:31:32.363000Z
33970582,10969.00000000,0.09093866,10968.99,10969,59882.92129890,2018-01-18T08:31:34.319000Z
33970582,10969.00000000,0.09093866,10968.99,10969,59882.92129890,2018-01-18T08:31:34.319000Z
33970582,10969.00000000,0.09093866,10968.99,10969,59882.92129890,2018-01-18T08:31:34.319000Z
33970582,10969.00000000,0.09093866,10968.99,10969,59882.92129890,2018-01-18T08:31:34.319000Z
33970586,10969.00000000,0.17166538,10968.99,10969,59882.92129890,2018-01-18T08:31:38.785000Z
33970588,10969.00000000,0.12530979,10968.99,10969,59882.92129890,2018-01-18T08:31:39.856000Z
33970590,10969.00000000,0.00769081,10968.99,10969,59882.92129890,2018-01-18T08:31:40.742000Z
33970591,10969.00000000,0.56080000,10968.99,10969,59882.92129890,2018-01-18T08:31:41.984000Z
33970591,10969.00000000,0.56080000,10968.99,10969,59882.92129890,2018-01-18T08:31:41.984000Z
33970591,10969.00000000,0.56080000,10968.99,10969,59882.92129890,2018-01-18T08:31:41.984000Z
33970591,10969.00000000,0.56080000,10968.99,10969,59882.92129890,2018-01-18T08:31:41.984000Z
33970591,10969.00000000,0.56080000,10968.99,10969,59882.92129890,2018-01-18T08:31:41.984000Z
33970591,10969.00000000,0.56080000,10968.99,10969,59882.92129890,2018-01-18T08:31:41.984000Z
33970591,10969.00000000,0.56080000,10968.99,10969,59882.92129890,2018-01-18T08:31:41.984000Z
