datatrade_id,dataprice, datasize, databid, dataask, datavolume, datatime

33253626,14089.00000000,0.00637000,14089,14089.01,11278.19062387,2018-01-13T19:56:07.644000Z
33253626,14089.00000000,0.00637000,14089,14089.01,11278.19062387,2018-01-13T19:56:07.644000Z
33253626,14089.00000000,0.00637000,14089,14089.01,11278.19062387,2018-01-13T19:56:07.644000Z
33253633,14088.55000000,0.31350000,14088.53,14088.54,11278.19062387,2018-01-13T19:56:13.695000Z
33253634,14088.54000000,0.00720771,14088.53,14088.54,11278.19062387,2018-01-13T19:56:16.185000Z
33253635,14088.53000000,0.03120000,14088.53,14088.54,11278.19062387,2018-01-13T19:56:17.229000Z
33253635,14088.53000000,0.03120000,14088.53,14088.54,11278.19062387,2018-01-13T19:56:17.229000Z
33253635,14088.53000000,0.03120000,14088.53,14088.54,11278.19062387,2018-01-13T19:56:17.229000Z
33253635,14088.53000000,0.03120000,14088.53,14088.54,11278.19062387,2018-01-13T19:56:17.229000Z
33253635,14088.53000000,0.03120000,14088.53,14088.54,11278.19062387,2018-01-13T19:56:17.229000Z
33253637,14088.54000000,0.27680771,14088.53,14088.54,11278.19062387,2018-01-13T19:56:22.281000Z
33253637,14088.54000000,0.27680771,14088.53,14088.54,11278.19062387,2018-01-13T19:56:22.281000Z
33253637,14088.54000000,0.27680771,14088.53,14088.54,11278.19062387,2018-01-13T19:56:22.281000Z
33253638,14088.54000000,0.07000000,14088.53,14088.54,11278.19062387,2018-01-13T19:56:24.486000Z
33253638,14088.54000000,0.07000000,14088.53,14088.54,11278.19062387,2018-01-13T19:56:24.486000Z
33253639,14088.53000000,0.60430664,14088.53,14088.54,11278.19062387,2018-01-13T19:56:26.441000Z
33253639,14088.53000000,0.60430664,14088.53,14088.54,11278.19062387,2018-01-13T19:56:26.441000Z
33253640,14088.53000000,0.08440402,14088.53,14088.54,11278.19062387,2018-01-13T19:56:29.016000Z
33253641,14088.53000000,0.14697039,14088.53,14088.54,11278.19062387,2018-01-13T19:56:29.692000Z
33253641,14088.53000000,0.14697039,14088.53,14088.54,11278.19062387,2018-01-13T19:56:29.692000Z
33253641,14088.53000000,0.14697039,14088.53,14088.54,11278.19062387,2018-01-13T19:56:29.692000Z
33253641,14088.53000000,0.14697039,14088.53,14088.54,11278.19062387,2018-01-13T19:56:29.692000Z
33253641,14088.53000000,0.14697039,14088.53,14088.54,11278.19062387,2018-01-13T19:56:29.692000Z
33253641,14088.53000000,0.14697039,14088.53,14088.54,11278.19062387,2018-01-13T19:56:29.692000Z
33253642,14088.53000000,0.05001526,14088.53,14088.54,11278.19062387,2018-01-13T19:56:35.947000Z
33253642,14088.53000000,0.05001526,14088.53,14088.54,11278.19062387,2018-01-13T19:56:35.947000Z
33253643,14088.54000000,0.00800000,14088.53,14088.54,11278.19062387,2018-01-13T19:56:37.921000Z
33253644,14088.53000000,0.60481646,14088.53,14088.54,11278.19062387,2018-01-13T19:56:39.344000Z
33253644,14088.53000000,0.60481646,14088.53,14088.54,11278.19062387,2018-01-13T19:56:39.344000Z
33253653,14085.26000000,0.09981424,14085.26,14085.27,11278.19062387,2018-01-13T19:56:41.168000Z
33253653,14085.26000000,0.09981424,14085.26,14085.27,11278.19062387,2018-01-13T19:56:41.168000Z
33253658,14077.85000000,0.22432102,14077.85,14077.86,11278.19062387,2018-01-13T19:56:42.926000Z
33253659,14077.85000000,0.14236000,14077.85,14077.86,11278.19062387,2018-01-13T19:56:43.690000Z
33253659,14077.85000000,0.14236000,14077.85,14077.86,11278.19062387,2018-01-13T19:56:43.690000Z
33253660,14077.85000000,0.10000000,14077.85,14077.86,11278.19062387,2018-01-13T19:56:46.351000Z
33253664,14076.62000000,0.00200519,14076.62,14076.63,11278.19062387,2018-01-13T19:56:46.480000Z
33253664,14076.62000000,0.00200519,14076.62,14076.63,11282.90420603,2018-01-13T19:56:46.480000Z
33253664,14076.62000000,0.00200519,14076.62,14076.63,11282.90420603,2018-01-13T19:56:46.480000Z
33253665,14076.63000000,0.03000000,14076.62,14076.63,11282.90420603,2018-01-13T19:56:49.606000Z
33253665,14076.63000000,0.03000000,14076.62,14076.63,11282.90420603,2018-01-13T19:56:49.606000Z
33253665,14076.63000000,0.03000000,14076.62,14076.63,11282.90420603,2018-01-13T19:56:49.606000Z
33253665,14076.63000000,0.03000000,14076.62,14076.63,11282.90420603,2018-01-13T19:56:49.606000Z
33253665,14076.63000000,0.03000000,14076.62,14076.63,11282.90420603,2018-01-13T19:56:49.606000Z
33253673,14070.00000000,0.17050674,14070,14070.01,11282.90420603,2018-01-13T19:56:55.169000Z
33253673,14070.00000000,0.17050674,14070,14070.01,11282.90420603,2018-01-13T19:56:55.169000Z
33253673,14070.00000000,0.17050674,14070,14070.01,11282.90420603,2018-01-13T19:56:55.169000Z
33253674,14070.01000000,0.06990000,14070,14070.01,11282.90420603,2018-01-13T19:56:57.968000Z
33253674,14070.01000000,0.06990000,14070,14070.01,11282.90420603,2018-01-13T19:56:57.968000Z
33253674,14070.01000000,0.06990000,14070,14070.01,11282.90420603,2018-01-13T19:56:57.968000Z
33253674,14070.01000000,0.06990000,14070,14070.01,11282.90420603,2018-01-13T19:56:57.968000Z
33253675,14070.00000000,0.00718705,14070,14070.01,11282.90420603,2018-01-13T19:57:02.443000Z
33253675,14070.00000000,0.00718705,14070,14070.01,11282.90420603,2018-01-13T19:57:02.443000Z
33253675,14070.00000000,0.00718705,14070,14070.01,11282.90420603,2018-01-13T19:57:02.443000Z
33253675,14070.00000000,0.00718705,14070,14070.01,11282.90420603,2018-01-13T19:57:02.443000Z
33253675,14070.00000000,0.00718705,14070,14070.01,11282.90420603,2018-01-13T19:57:02.443000Z
33253678,14070.01000000,0.04045439,14070,14070.01,11282.90420603,2018-01-13T19:57:07.054000Z
33253678,14070.01000000,0.04045439,14070,14070.01,11282.90420603,2018-01-13T19:57:07.054000Z
33253678,14070.01000000,0.04045439,14070,14070.01,11282.90420603,2018-01-13T19:57:07.054000Z
33253679,14070.01000000,0.01470239,14070,14070.01,11282.90420603,2018-01-13T19:57:09.905000Z
33253680,14070.00000000,0.01768858,14070,14070.01,11282.90420603,2018-01-13T19:57:11.309000Z
33253680,14070.00000000,0.01768858,14070,14070.01,11282.90420603,2018-01-13T19:57:11.309000Z
33253680,14070.00000000,0.01768858,14070,14070.01,11282.90420603,2018-01-13T19:57:11.309000Z
33253680,14070.00000000,0.01768858,14070,14070.01,11282.90420603,2018-01-13T19:57:11.309000Z
33253681,14070.00000000,0.10650249,14070,14070.01,11282.90420603,2018-01-13T19:57:15.292000Z
33253686,14070.00000000,0.03728387,14070,14070.01,11282.90420603,2018-01-13T19:57:15.577000Z
33253686,14070.00000000,0.03728387,14070,14070.01,11282.90420603,2018-01-13T19:57:15.577000Z
33253686,14070.00000000,0.03728387,14070,14070.01,11282.90420603,2018-01-13T19:57:15.577000Z
33253686,14070.00000000,0.03728387,14070,14070.01,11282.90420603,2018-01-13T19:57:15.577000Z
33253687,14070.01000000,0.24100000,14070,14070.01,11282.90420603,2018-01-13T19:57:19.551000Z
33253687,14070.01000000,0.24100000,14070,14070.01,11282.90420603,2018-01-13T19:57:19.551000Z
33253687,14070.01000000,0.24100000,14070,14070.01,11282.90420603,2018-01-13T19:57:19.551000Z
33253687,14070.01000000,0.24100000,14070,14070.01,11282.90420603,2018-01-13T19:57:19.551000Z
33253687,14070.01000000,0.24100000,14070,14070.01,11282.90420603,2018-01-13T19:57:19.551000Z
33253687,14070.01000000,0.24100000,14070,14070.01,11282.90420603,2018-01-13T19:57:19.551000Z
33253687,14070.01000000,0.24100000,14070,14070.01,11282.90420603,2018-01-13T19:57:19.551000Z
33253687,14070.01000000,0.24100000,14070,14070.01,11282.90420603,2018-01-13T19:57:19.551000Z
33253687,14070.01000000,0.24100000,14070,14070.01,11282.90420603,2018-01-13T19:57:19.551000Z
33253687,14070.01000000,0.24100000,14070,14070.01,11282.90420603,2018-01-13T19:57:19.551000Z
33253687,14070.01000000,0.24100000,14070,14070.01,11282.90420603,2018-01-13T19:57:19.551000Z
33253688,14070.01000000,0.02157433,14070,14070.01,11282.90420603,2018-01-13T19:57:30.922000Z
33253688,14070.01000000,0.02157433,14070,14070.01,11282.90420603,2018-01-13T19:57:30.922000Z
33253688,14070.01000000,0.02157433,14070,14070.01,11282.90420603,2018-01-13T19:57:30.922000Z
33253689,14070.01000000,0.01063438,14070,14070.01,11282.90420603,2018-01-13T19:57:33.919000Z
33253689,14070.01000000,0.01063438,14070,14070.01,11282.90420603,2018-01-13T19:57:33.919000Z
33253691,14070.01000000,0.00280797,14070,14070.01,11282.90420603,2018-01-13T19:57:36.309000Z
33253691,14070.01000000,0.00280797,14070,14070.01,11282.90420603,2018-01-13T19:57:36.309000Z
33253691,14070.01000000,0.00280797,14070,14070.01,11282.90420603,2018-01-13T19:57:36.309000Z
33253691,14070.01000000,0.00280797,14070,14070.01,11287.18410644,2018-01-13T19:57:36.309000Z
33253691,14070.01000000,0.00280797,14070,14070.01,11287.18410644,2018-01-13T19:57:36.309000Z
33253691,14070.01000000,0.00280797,14070,14070.01,11287.18410644,2018-01-13T19:57:36.309000Z
33253691,14070.01000000,0.00280797,14070,14070.01,11287.18410644,2018-01-13T19:57:36.309000Z
33253691,14070.01000000,0.00280797,14070,14070.01,11287.18410644,2018-01-13T19:57:36.309000Z
33253692,14070.01000000,0.59230000,14070,14070.01,11287.18410644,2018-01-13T19:57:43.828000Z
33253692,14070.01000000,0.59230000,14070,14070.01,11287.18410644,2018-01-13T19:57:43.828000Z
33253692,14070.01000000,0.59230000,14070,14070.01,11287.18410644,2018-01-13T19:57:43.828000Z
33253692,14070.01000000,0.59230000,14070,14070.01,11287.18410644,2018-01-13T19:57:43.828000Z
33253692,14070.01000000,0.59230000,14070,14070.01,11287.18410644,2018-01-13T19:57:43.828000Z
33253692,14070.01000000,0.59230000,14070,14070.01,11287.18410644,2018-01-13T19:57:43.828000Z
33253692,14070.01000000,0.59230000,14070,14070.01,11287.18410644,2018-01-13T19:57:43.828000Z
33253692,14070.01000000,0.59230000,14070,14070.01,11287.18410644,2018-01-13T19:57:43.828000Z
33253692,14070.01000000,0.59230000,14070,14070.01,11287.18410644,2018-01-13T19:57:43.828000Z
33253694,14070.00000000,0.11933968,14070,14070.01,11287.18410644,2018-01-13T19:57:53.154000Z
33253694,14070.00000000,0.11933968,14070,14070.01,11287.18410644,2018-01-13T19:57:53.154000Z
33253694,14070.00000000,0.11933968,14070,14070.01,11287.18410644,2018-01-13T19:57:53.154000Z
33253694,14070.00000000,0.11933968,14070,14070.01,11287.18410644,2018-01-13T19:57:53.154000Z
33253694,14070.00000000,0.11933968,14070,14070.01,11287.18410644,2018-01-13T19:57:53.154000Z
33253695,14070.00000000,0.67496862,14070,14070.01,11287.18410644,2018-01-13T19:57:58.333000Z
33253695,14070.00000000,0.67496862,14070,14070.01,11287.18410644,2018-01-13T19:57:58.333000Z
33253695,14070.00000000,0.67496862,14070,14070.01,11287.18410644,2018-01-13T19:57:58.333000Z
33253695,14070.00000000,0.67496862,14070,14070.01,11287.18410644,2018-01-13T19:57:58.333000Z
33253695,14070.00000000,0.67496862,14070,14070.01,11287.18410644,2018-01-13T19:57:58.333000Z
33253695,14070.00000000,0.67496862,14070,14070.01,11287.18410644,2018-01-13T19:57:58.333000Z
33253695,14070.00000000,0.67496862,14070,14070.01,11287.18410644,2018-01-13T19:57:58.333000Z
33253700,14070.00000000,0.01642193,14070,14070.01,11287.18410644,2018-01-13T19:58:05.066000Z
33253700,14070.00000000,0.01642193,14070,14070.01,11287.18410644,2018-01-13T19:58:05.066000Z
33253701,14070.01000000,0.08550000,14070,14070.01,11287.18410644,2018-01-13T19:58:06.629000Z
33253701,14070.01000000,0.08550000,14070,14070.01,11287.18410644,2018-01-13T19:58:06.629000Z
33253701,14070.01000000,0.08550000,14070,14070.01,11287.18410644,2018-01-13T19:58:06.629000Z
33253701,14070.01000000,0.08550000,14070,14070.01,11287.18410644,2018-01-13T19:58:06.629000Z
33253701,14070.01000000,0.08550000,14070,14070.01,11287.18410644,2018-01-13T19:58:06.629000Z
33253702,14070.01000000,0.99750552,14070,14070.01,11287.18410644,2018-01-13T19:58:12.215000Z
33253702,14070.01000000,0.99750552,14070,14070.01,11287.18410644,2018-01-13T19:58:12.215000Z
33253702,14070.01000000,0.99750552,14070,14070.01,11287.18410644,2018-01-13T19:58:12.215000Z
33253702,14070.01000000,0.99750552,14070,14070.01,11287.18410644,2018-01-13T19:58:12.215000Z
33253702,14070.01000000,0.99750552,14070,14070.01,11287.18410644,2018-01-13T19:58:12.215000Z
33253703,14070.00000000,0.22543925,14070,14070.01,11287.18410644,2018-01-13T19:58:16.777000Z
33253703,14070.00000000,0.22543925,14070,14070.01,11287.18410644,2018-01-13T19:58:16.777000Z
33253703,14070.00000000,0.22543925,14070,14070.01,11287.18410644,2018-01-13T19:58:16.777000Z
33253703,14070.00000000,0.22543925,14070,14070.01,11287.18410644,2018-01-13T19:58:16.777000Z
33253703,14070.00000000,0.22543925,14070,14070.01,11287.18410644,2018-01-13T19:58:16.777000Z
33253703,14070.00000000,0.22543925,14070,14070.01,11287.18410644,2018-01-13T19:58:16.777000Z
33253703,14070.00000000,0.22543925,14070,14070.01,11287.18410644,2018-01-13T19:58:16.777000Z
33253703,14070.00000000,0.22543925,14070,14070.01,11287.18410644,2018-01-13T19:58:16.777000Z
33253703,14070.00000000,0.22543925,14070,14070.01,11287.18410644,2018-01-13T19:58:16.777000Z
33253704,14070.01000000,0.07026565,14070,14070.01,11287.18410644,2018-01-13T19:58:26.005000Z
33253704,14070.01000000,0.07026565,14070,14070.01,11286.04432844,2018-01-13T19:58:26.005000Z
33253704,14070.01000000,0.07026565,14070,14070.01,11286.04432844,2018-01-13T19:58:26.005000Z
33253704,14070.01000000,0.07026565,14070,14070.01,11286.04432844,2018-01-13T19:58:26.005000Z
33253706,14070.01000000,0.68346368,14070,14070.01,11286.04432844,2018-01-13T19:58:29.842000Z
33253706,14070.01000000,0.68346368,14070,14070.01,11286.04432844,2018-01-13T19:58:29.842000Z
33253706,14070.01000000,0.68346368,14070,14070.01,11286.04432844,2018-01-13T19:58:29.842000Z
33253707,14070.01000000,0.01965552,14070,14070.01,11286.04432844,2018-01-13T19:58:32.980000Z
33253708,14070.00000000,0.05363495,14070,14070.01,11286.04432844,2018-01-13T19:58:34.271000Z
33253708,14070.00000000,0.05363495,14070,14070.01,11286.04432844,2018-01-13T19:58:34.271000Z
33253708,14070.00000000,0.05363495,14070,14070.01,11286.04432844,2018-01-13T19:58:34.271000Z
33253708,14070.00000000,0.05363495,14070,14070.01,11286.04432844,2018-01-13T19:58:34.271000Z
33253708,14070.00000000,0.05363495,14070,14070.01,11286.04432844,2018-01-13T19:58:34.271000Z
33253709,14070.01000000,1.11389818,14070,14070.01,11286.04432844,2018-01-13T19:58:39.627000Z
33253709,14070.01000000,1.11389818,14070,14070.01,11286.04432844,2018-01-13T19:58:39.627000Z
33253709,14070.01000000,1.11389818,14070,14070.01,11286.04432844,2018-01-13T19:58:39.627000Z
33253709,14070.01000000,1.11389818,14070,14070.01,11286.04432844,2018-01-13T19:58:39.627000Z
33253709,14070.01000000,1.11389818,14070,14070.01,11286.04432844,2018-01-13T19:58:39.627000Z
33253710,14070.01000000,0.02987453,14070,14070.01,11286.04432844,2018-01-13T19:58:43.867000Z
33253710,14070.01000000,0.02987453,14070,14070.01,11286.04432844,2018-01-13T19:58:43.867000Z
33253713,14070.00000000,0.06000000,14070,14070.01,11286.04432844,2018-01-13T19:58:46.386000Z
33253713,14070.00000000,0.06000000,14070,14070.01,11286.04432844,2018-01-13T19:58:46.386000Z
33253713,14070.00000000,0.06000000,14070,14070.01,11286.04432844,2018-01-13T19:58:46.386000Z
33253713,14070.00000000,0.06000000,14070,14070.01,11286.04432844,2018-01-13T19:58:46.386000Z
33253714,14070.01000000,0.01000000,14070,14070.01,11286.04432844,2018-01-13T19:58:50.362000Z
33253727,14080.00000000,0.79789734,14078.03,14079.99,11286.04432844,2018-01-13T19:58:51.135000Z
33253730,14080.00000000,0.12169124,14078.14,14080,11286.04432844,2018-01-13T19:58:52.562000Z
33253731,14078.15000000,0.00070900,14070,14080,11286.04432844,2018-01-13T19:58:53.165000Z
33253731,14078.15000000,0.00070900,14078.09,14080,11286.04432844,2018-01-13T19:58:53.165000Z
33253732,14079.96000000,0.02833832,14078.13,14079.95,11286.04432844,2018-01-13T19:58:55.450000Z
33253732,14079.96000000,0.02833832,14078.13,14078.14,11286.04432844,2018-01-13T19:58:55.450000Z
33253733,14078.14000000,0.01000000,14078.13,14078.14,11286.04432844,2018-01-13T19:58:56.880000Z
33253735,14080.00000000,0.01367371,14078.5,14080,11286.04432844,2018-01-13T19:58:58.365000Z
33253735,14080.00000000,0.01367371,14078.54,14078.55,11286.04432844,2018-01-13T19:58:58.365000Z
33253735,14080.00000000,0.01367371,14078.54,14078.55,11286.04432844,2018-01-13T19:58:58.365000Z
33253735,14080.00000000,0.01367371,14078.54,14078.55,11286.04432844,2018-01-13T19:58:58.365000Z
33253735,14080.00000000,0.01367371,14078.54,14078.55,11286.04432844,2018-01-13T19:58:58.365000Z
33253735,14080.00000000,0.01367371,14078.54,14078.55,11286.04432844,2018-01-13T19:58:58.365000Z
33253738,14080.00000000,0.02834320,14078.62,14080,11286.04432844,2018-01-13T19:59:04.452000Z
33253738,14080.00000000,0.02834320,14079.99,14080,11286.04432844,2018-01-13T19:59:04.452000Z
33253747,14099.05000000,0.42675420,14079.99,14099.04,11286.04432844,2018-01-13T19:59:06.143000Z
33253747,14099.05000000,0.42675420,14079.99,14098.96,11286.04432844,2018-01-13T19:59:06.143000Z
33253747,14099.05000000,0.42675420,14078.54,14086.35,11286.04432844,2018-01-13T19:59:06.143000Z
33253747,14099.05000000,0.42675420,14080,14082.57,11286.04432844,2018-01-13T19:59:06.143000Z
33253747,14099.05000000,0.42675420,14080,14080.01,11286.04432844,2018-01-13T19:59:06.143000Z
33253747,14099.05000000,0.42675420,14080,14080.01,11286.04432844,2018-01-13T19:59:06.143000Z
33253747,14099.05000000,0.42675420,14080,14080.01,11286.04432844,2018-01-13T19:59:06.143000Z
33253747,14099.05000000,0.42675420,14080,14080.01,11286.04432844,2018-01-13T19:59:06.143000Z
33253750,14080.01000000,0.12175664,14080,14080.01,11286.04432844,2018-01-13T19:59:14.376000Z
33253750,14080.01000000,0.12175664,14080,14080.01,11286.04432844,2018-01-13T19:59:14.376000Z
33253750,14080.01000000,0.12175664,14080.01,14087.86,11286.04432844,2018-01-13T19:59:14.376000Z
33253750,14080.01000000,0.12175664,14080.14,14085.26,11286.04432844,2018-01-13T19:59:14.376000Z
33253750,14080.01000000,0.12175664,14080.2,14085.21,11286.04432844,2018-01-13T19:59:14.376000Z
33253750,14080.01000000,0.12175664,14080.26,14091.8,11286.04432844,2018-01-13T19:59:14.376000Z
33253750,14080.01000000,0.12175664,14082.59,14091.8,11285.35941813,2018-01-13T19:59:14.376000Z
33253750,14080.01000000,0.12175664,14082.61,14089.01,11285.35941813,2018-01-13T19:59:14.376000Z
33253750,14080.01000000,0.12175664,14082.63,14083.69,11285.35941813,2018-01-13T19:59:14.376000Z
33253750,14080.01000000,0.12175664,14082.65,14082.66,11285.35941813,2018-01-13T19:59:14.376000Z
33253757,14078.54000000,0.36560999,14078.54,14078.55,11285.35941813,2018-01-13T19:59:24.023000Z
33253758,14078.55000000,0.36510000,14078.54,14078.55,11285.35941813,2018-01-13T19:59:24.904000Z
33253759,14078.54000000,0.09391678,14078.54,14078.55,11285.35941813,2018-01-13T19:59:26.379000Z
33253760,14078.55000000,0.01000000,14078.54,14078.55,11285.35941813,2018-01-13T19:59:27.272000Z
33253763,14078.55000000,0.03542645,14078.54,14078.55,11285.35941813,2018-01-13T19:59:28.553000Z
33253763,14078.55000000,0.03542645,14078.54,14078.55,11285.35941813,2018-01-13T19:59:28.553000Z
33253763,14078.55000000,0.03542645,14078.54,14078.55,11285.35941813,2018-01-13T19:59:28.553000Z
33253764,14078.55000000,0.00007085,14078.54,14078.55,11285.35941813,2018-01-13T19:59:30.711000Z
33253764,14078.55000000,0.00007085,14078.54,14078.55,11285.35941813,2018-01-13T19:59:30.711000Z
33253764,14078.55000000,0.00007085,14078.54,14078.55,11285.35941813,2018-01-13T19:59:30.711000Z
33253764,14078.55000000,0.00007085,14078.54,14078.55,11285.35941813,2018-01-13T19:59:30.711000Z
33253764,14078.55000000,0.00007085,14078.54,14078.55,11285.35941813,2018-01-13T19:59:30.711000Z
33253764,14078.55000000,0.00007085,14078.54,14078.55,11285.35941813,2018-01-13T19:59:30.711000Z
33253764,14078.55000000,0.00007085,14078.54,14078.55,11285.35941813,2018-01-13T19:59:30.711000Z
33253765,14078.55000000,0.06772971,14078.54,14078.55,11285.35941813,2018-01-13T19:59:38.514000Z
33253765,14078.55000000,0.06772971,14078.54,14078.55,11285.35941813,2018-01-13T19:59:38.514000Z
33253765,14078.55000000,0.06772971,14078.54,14078.55,11285.35941813,2018-01-13T19:59:38.514000Z
33253766,14078.55000000,0.02506634,14078.54,14078.55,11285.35941813,2018-01-13T19:59:41.437000Z
33253767,14078.55000000,0.00177132,14078.54,14078.55,11285.35941813,2018-01-13T19:59:42.172000Z
33253767,14078.55000000,0.00177132,14078.54,14078.55,11285.35941813,2018-01-13T19:59:42.172000Z
33253767,14078.55000000,0.00177132,14078.54,14078.55,11285.35941813,2018-01-13T19:59:42.172000Z
33253767,14078.55000000,0.00177132,14078.54,14078.55,11285.35941813,2018-01-13T19:59:42.172000Z
33253767,14078.55000000,0.00177132,14078.54,14078.55,11285.35941813,2018-01-13T19:59:42.172000Z
33253768,14078.55000000,0.63120000,14078.54,14078.55,11285.35941813,2018-01-13T19:59:47.107000Z
33253768,14078.55000000,0.63120000,14078.54,14078.55,11285.35941813,2018-01-13T19:59:47.107000Z
33253768,14078.55000000,0.63120000,14078.54,14078.55,11285.35941813,2018-01-13T19:59:47.107000Z
33253769,14078.55000000,0.03542645,14078.54,14078.55,11285.35941813,2018-01-13T19:59:50.390000Z
33253769,14078.55000000,0.03542645,14078.54,14078.55,11285.35941813,2018-01-13T19:59:50.390000Z
33253769,14078.55000000,0.03542645,14078.54,14078.55,11285.35941813,2018-01-13T19:59:50.390000Z
33253769,14078.55000000,0.03542645,14078.54,14078.55,11285.35941813,2018-01-13T19:59:50.390000Z
33253769,14078.55000000,0.03542645,14078.54,14078.55,11285.35941813,2018-01-13T19:59:50.390000Z
33253772,14077.00000000,1.00000000,14076.62,14076.63,11285.35941813,2018-01-13T19:59:55.064000Z
33253773,14076.63000000,0.21258772,14076.62,14076.63,11285.35941813,2018-01-13T19:59:56.671000Z
33253773,14076.63000000,0.21258772,14076.62,14076.63,11285.35941813,2018-01-13T19:59:56.671000Z
33253773,14076.63000000,0.21258772,14076.62,14076.63,11285.35941813,2018-01-13T19:59:56.671000Z
33253773,14076.63000000,0.21258772,14076.62,14076.63,11285.35941813,2018-01-13T19:59:56.671000Z
33253773,14076.63000000,0.21258772,14076.62,14076.63,11285.35941813,2018-01-13T19:59:56.671000Z
33253776,14076.63000000,0.08207791,14076.62,14076.63,11285.35941813,2018-01-13T20:00:01.884000Z
33253776,14076.63000000,0.08207791,14076.62,14076.63,11285.35941813,2018-01-13T20:00:01.884000Z
33253777,14076.63000000,0.00141725,14076.62,14076.63,11285.35941813,2018-01-13T20:00:03.085000Z
33253782,14071.01000000,0.00708908,14071,14071.01,11285.35941813,2018-01-13T20:00:04.547000Z
33253789,14070.00000000,0.21251803,14070,14070.01,11287.74977619,2018-01-13T20:00:05.636000Z
33253789,14070.00000000,0.21251803,14070,14070.01,11287.74977619,2018-01-13T20:00:05.636000Z
33253793,14070.00000000,0.25000000,14070,14070.01,11287.74977619,2018-01-13T20:00:07.309000Z
33253795,14070.01000000,0.12940000,14070,14070.01,11287.74977619,2018-01-13T20:00:08.741000Z
33253795,14070.01000000,0.12940000,14070,14070.01,11287.74977619,2018-01-13T20:00:08.741000Z
33253795,14070.01000000,0.12940000,14070,14070.01,11287.74977619,2018-01-13T20:00:08.741000Z
33253795,14070.01000000,0.12940000,14070,14070.01,11287.74977619,2018-01-13T20:00:08.741000Z
33253795,14070.01000000,0.12940000,14070,14070.01,11287.74977619,2018-01-13T20:00:08.741000Z
33253795,14070.01000000,0.12940000,14070,14070.01,11287.74977619,2018-01-13T20:00:08.741000Z
33253795,14070.01000000,0.12940000,14070,14070.01,11287.74977619,2018-01-13T20:00:08.741000Z
33253796,14070.00000000,0.00070900,14070,14070.01,11287.74977619,2018-01-13T20:00:15.017000Z
33253796,14070.00000000,0.00070900,14070,14070.01,11287.74977619,2018-01-13T20:00:15.017000Z
33253796,14070.00000000,0.00070900,14070,14070.01,11287.74977619,2018-01-13T20:00:15.017000Z
33253796,14070.00000000,0.00070900,14070,14070.01,11287.74977619,2018-01-13T20:00:15.017000Z
33253797,14070.00000000,0.01445661,14070,14070.01,11287.74977619,2018-01-13T20:00:19.169000Z
33253797,14070.00000000,0.01445661,14070,14070.01,11287.74977619,2018-01-13T20:00:19.169000Z
33253797,14070.00000000,0.01445661,14070,14070.01,11287.74977619,2018-01-13T20:00:19.169000Z
33253797,14070.00000000,0.01445661,14070,14070.01,11287.74977619,2018-01-13T20:00:19.169000Z
33253797,14070.00000000,0.01445661,14070,14070.01,11287.74977619,2018-01-13T20:00:19.169000Z
33253797,14070.00000000,0.01445661,14070,14070.01,11287.74977619,2018-01-13T20:00:19.169000Z
33253797,14070.00000000,0.01445661,14070,14070.01,11287.74977619,2018-01-13T20:00:19.169000Z
33253797,14070.00000000,0.01445661,14070,14070.01,11287.74977619,2018-01-13T20:00:19.169000Z
33253797,14070.00000000,0.01445661,14070,14070.01,11287.74977619,2018-01-13T20:00:19.169000Z
33253797,14070.00000000,0.01445661,14070,14070.01,11287.74977619,2018-01-13T20:00:19.169000Z
33253798,14070.01000000,0.94890000,14070,14070.01,11287.74977619,2018-01-13T20:00:29.143000Z
33253799,14070.01000000,0.31900000,14070,14070.01,11287.74977619,2018-01-13T20:00:30.198000Z
33253799,14070.01000000,0.31900000,14070,14070.01,11287.74977619,2018-01-13T20:00:30.198000Z
33253801,14070.01000000,0.00212633,14070,14070.01,11287.74977619,2018-01-13T20:00:32.034000Z
33253804,14070.01000000,0.02135002,14070,14070.01,11287.74977619,2018-01-13T20:00:33.639000Z
33253804,14070.01000000,0.02135002,14070,14070.01,11287.74977619,2018-01-13T20:00:33.639000Z
33253804,14070.01000000,0.02135002,14070,14070.01,11287.74977619,2018-01-13T20:00:33.639000Z
33253804,14070.01000000,0.02135002,14070,14070.01,11287.74977619,2018-01-13T20:00:33.639000Z
33253804,14070.01000000,0.02135002,14070,14070.01,11287.74977619,2018-01-13T20:00:33.639000Z
33253804,14070.01000000,0.02135002,14070,14070.01,11287.74977619,2018-01-13T20:00:33.639000Z
33253804,14070.01000000,0.02135002,14070,14070.01,11287.74977619,2018-01-13T20:00:33.639000Z
33253806,14077.03000000,0.02210401,14077.02,14077.03,11287.74977619,2018-01-13T20:00:40.450000Z
33253806,14077.03000000,0.02210401,14077.02,14077.03,11287.74977619,2018-01-13T20:00:40.450000Z
33253807,14077.02000000,0.05315747,14077.02,14077.03,11287.74977619,2018-01-13T20:00:42.236000Z
33253807,14077.02000000,0.05315747,14077.02,14077.03,11287.74977619,2018-01-13T20:00:42.236000Z
33253807,14077.02000000,0.05315747,14077.02,14077.03,11287.74977619,2018-01-13T20:00:42.236000Z
33253807,14077.02000000,0.05315747,14077.02,14077.03,11287.74977619,2018-01-13T20:00:42.236000Z
33253807,14077.02000000,0.05315747,14077.02,14077.03,11287.74977619,2018-01-13T20:00:42.236000Z
33253807,14077.02000000,0.05315747,14077.02,14077.03,11287.74977619,2018-01-13T20:00:42.236000Z
33253807,14077.02000000,0.05315747,14077.02,14077.03,11287.74977619,2018-01-13T20:00:42.236000Z
33253807,14077.02000000,0.05315747,14077.02,14077.03,11287.74977619,2018-01-13T20:00:42.236000Z
33253808,14077.02000000,0.18390000,14077.02,14077.03,11287.74977619,2018-01-13T20:00:50.922000Z
33253808,14077.02000000,0.18390000,14077.02,14077.03,11287.74977619,2018-01-13T20:00:50.922000Z
33253808,14077.02000000,0.18390000,14077.02,14077.03,11287.74977619,2018-01-13T20:00:50.922000Z
33253808,14077.02000000,0.18390000,14077.02,14077.03,11287.74977619,2018-01-13T20:00:50.922000Z
33253808,14077.02000000,0.18390000,14077.02,14077.03,11287.74977619,2018-01-13T20:00:50.922000Z
33253808,14077.02000000,0.18390000,14077.02,14077.03,11287.74977619,2018-01-13T20:00:50.922000Z
33253808,14077.02000000,0.18390000,14077.02,14077.03,11287.74977619,2018-01-13T20:00:50.922000Z
33253808,14077.02000000,0.18390000,14077.02,14077.03,11287.58808107,2018-01-13T20:00:50.922000Z
33253808,14077.02000000,0.18390000,14077.02,14077.03,11287.58808107,2018-01-13T20:00:50.922000Z
33253808,14077.02000000,0.18390000,14077.02,14077.03,11287.58808107,2018-01-13T20:00:50.922000Z
33253808,14077.02000000,0.18390000,14077.02,14077.03,11287.58808107,2018-01-13T20:00:50.922000Z
33253809,14077.03000000,0.00007086,14077.02,14077.03,11287.58808107,2018-01-13T20:01:01.904000Z
33253809,14077.03000000,0.00007086,14077.02,14077.03,11287.58808107,2018-01-13T20:01:01.904000Z
33253809,14077.03000000,0.00007086,14077.02,14077.03,11287.58808107,2018-01-13T20:01:01.904000Z
33253810,14077.03000000,0.00708605,14077.02,14077.03,11287.58808107,2018-01-13T20:01:04.888000Z
33253810,14077.03000000,0.00708605,14077.02,14077.03,11287.58808107,2018-01-13T20:01:04.888000Z
33253811,14077.02000000,0.37932371,14077.02,14077.03,11287.58808107,2018-01-13T20:01:06.461000Z
33253811,14077.02000000,0.37932371,14077.02,14077.03,11287.58808107,2018-01-13T20:01:06.461000Z
33253817,14094.00000000,2.41206270,14093.99,14094,11287.58808107,2018-01-13T20:01:08.668000Z
33253817,14094.00000000,2.41206270,14093.99,14094,11287.58808107,2018-01-13T20:01:08.668000Z
33253817,14094.00000000,2.41206270,14093.99,14094,11287.58808107,2018-01-13T20:01:08.668000Z
33253817,14094.00000000,2.41206270,14093.99,14094,11287.58808107,2018-01-13T20:01:08.668000Z
33253817,14094.00000000,2.41206270,14093.99,14094,11287.58808107,2018-01-13T20:01:08.668000Z
33253817,14094.00000000,2.41206270,14093.99,14094,11287.58808107,2018-01-13T20:01:08.668000Z
33253817,14094.00000000,2.41206270,14093.99,14094,11287.58808107,2018-01-13T20:01:08.668000Z
33253817,14094.00000000,2.41206270,14093.99,14094,11287.58808107,2018-01-13T20:01:08.668000Z
33253817,14094.00000000,2.41206270,14093.99,14094,11287.58808107,2018-01-13T20:01:08.668000Z
33253817,14094.00000000,2.41206270,14093.99,14094,11287.58808107,2018-01-13T20:01:08.668000Z
33253817,14094.00000000,2.41206270,14093.99,14094,11287.58808107,2018-01-13T20:01:08.668000Z
33253817,14094.00000000,2.41206270,14093.99,14094,11287.58808107,2018-01-13T20:01:08.668000Z
33253817,14094.00000000,2.41206270,14093.99,14094,11287.58808107,2018-01-13T20:01:08.668000Z
33253817,14094.00000000,2.41206270,14093.99,14094,11287.58808107,2018-01-13T20:01:08.668000Z
33253817,14094.00000000,2.41206270,14093.99,14094,11287.58808107,2018-01-13T20:01:08.668000Z
33253817,14094.00000000,2.41206270,14093.99,14094,11287.58808107,2018-01-13T20:01:08.668000Z
33253817,14094.00000000,2.41206270,14093.99,14094,11287.58808107,2018-01-13T20:01:08.668000Z
33253817,14094.00000000,2.41206270,14093.99,14094,11287.58808107,2018-01-13T20:01:08.668000Z
33253818,14093.99000000,0.00874387,14093.99,14094,11287.58808107,2018-01-13T20:01:26.560000Z
33253818,14093.99000000,0.00874387,14093.99,14094,11287.58808107,2018-01-13T20:01:26.560000Z
33253826,14099.10000000,0.10239439,14099.09,14099.1,11287.58808107,2018-01-13T20:01:28.537000Z
33253826,14099.10000000,0.10239439,14099.09,14099.1,11287.58808107,2018-01-13T20:01:28.537000Z
33253827,14099.10000000,0.00713580,14099.09,14099.1,11287.58808107,2018-01-13T20:01:30.498000Z
33253827,14099.10000000,0.00713580,14099.09,14099.1,11287.58808107,2018-01-13T20:01:30.498000Z
33253828,14099.09000000,0.01445661,14099.09,14099.1,11287.58808107,2018-01-13T20:01:32.775000Z
33253829,14099.09000000,0.20620236,14099.09,14099.1,11287.58808107,2018-01-13T20:01:33.454000Z
33253829,14099.09000000,0.20620236,14099.09,14099.1,11287.58808107,2018-01-13T20:01:33.454000Z
33253829,14099.09000000,0.20620236,14099.09,14099.1,11287.58808107,2018-01-13T20:01:33.454000Z
33253829,14099.09000000,0.20620236,14099.09,14099.1,11287.58808107,2018-01-13T20:01:33.454000Z
33253829,14099.09000000,0.20620236,14099.09,14099.1,11287.58808107,2018-01-13T20:01:33.454000Z
33253829,14099.09000000,0.20620236,14099.09,14099.1,11287.58808107,2018-01-13T20:01:33.454000Z
33253829,14099.09000000,0.20620236,14099.09,14099.1,11287.58808107,2018-01-13T20:01:33.454000Z
33253831,14099.09000000,0.08089485,14099.09,14099.1,11287.58808107,2018-01-13T20:01:41.127000Z
33253831,14099.09000000,0.08089485,14099.09,14099.1,11287.58808107,2018-01-13T20:01:41.127000Z
33253832,14099.09000000,0.03856834,14099.09,14099.1,11287.58808107,2018-01-13T20:01:42.959000Z
33253832,14099.09000000,0.03856834,14099.09,14099.1,11287.58808107,2018-01-13T20:01:42.959000Z
33253832,14099.09000000,0.03856834,14099.09,14099.1,11287.58808107,2018-01-13T20:01:42.959000Z
33253832,14099.09000000,0.03856834,14099.09,14099.1,11287.58808107,2018-01-13T20:01:42.959000Z
33253832,14099.09000000,0.03856834,14099.09,14099.1,11287.58808107,2018-01-13T20:01:42.959000Z
33253832,14099.09000000,0.03856834,14099.09,14099.1,11287.58808107,2018-01-13T20:01:42.959000Z
33253832,14099.09000000,0.03856834,14099.09,14099.1,11288.23785291,2018-01-13T20:01:42.959000Z
33253843,14099.08000000,0.29705259,14099.08,14099.09,11288.23785291,2018-01-13T20:01:50.389000Z
33253843,14099.08000000,0.29705259,14099.08,14099.1,11288.23785291,2018-01-13T20:01:50.389000Z
33253844,14099.08000000,0.00827504,14099.09,14099.1,11288.23785291,2018-01-13T20:01:51.251000Z
33253844,14099.08000000,0.00827504,14099.09,14099.1,11288.23785291,2018-01-13T20:01:51.251000Z
33253845,14099.09000000,0.00141800,14099.09,14099.1,11288.23785291,2018-01-13T20:01:53.351000Z
33253845,14099.09000000,0.00141800,14099.09,14099.1,11288.23785291,2018-01-13T20:01:53.351000Z
33253845,14099.09000000,0.00141800,14099.09,14099.1,11288.23785291,2018-01-13T20:01:53.351000Z
33253845,14099.09000000,0.00141800,14099.09,14099.1,11288.23785291,2018-01-13T20:01:53.351000Z
33253845,14099.09000000,0.00141800,14099.09,14099.1,11288.23785291,2018-01-13T20:01:53.351000Z
33253845,14099.09000000,0.00141800,14099.09,14099.1,11288.23785291,2018-01-13T20:01:53.351000Z
33253845,14099.09000000,0.00141800,14099.09,14099.1,11288.23785291,2018-01-13T20:01:53.351000Z
33253845,14099.09000000,0.00141800,14099.09,14099.1,11288.23785291,2018-01-13T20:01:53.351000Z
33253847,14099.10000000,0.00007074,14099.09,14099.1,11288.23785291,2018-01-13T20:02:01.843000Z
33253847,14099.10000000,0.00007074,14099.09,14099.1,11288.23785291,2018-01-13T20:02:01.843000Z
33253847,14099.10000000,0.00007074,14099.09,14099.1,11288.23785291,2018-01-13T20:02:01.843000Z
33253848,14099.10000000,0.00035374,14099.09,14099.1,11288.23785291,2018-01-13T20:02:04.646000Z
33253848,14099.10000000,0.00035374,14099.09,14099.1,11288.23785291,2018-01-13T20:02:04.646000Z
33253848,14099.10000000,0.00035374,14099.09,14099.1,11288.23785291,2018-01-13T20:02:04.646000Z
33253857,14099.10000000,0.11175281,14099.09,14099.1,11288.23785291,2018-01-13T20:02:08.118000Z
33253857,14099.10000000,0.11175281,14099.1,14099.11,11288.23785291,2018-01-13T20:02:08.118000Z
33253862,14099.09000000,0.07600829,14099.09,14099.1,11288.23785291,2018-01-13T20:02:09.986000Z
33253867,14099.08000000,0.16631320,14099.08,14099.09,11288.23785291,2018-01-13T20:02:10.634000Z
33253867,14099.08000000,0.16631320,14099.08,14099.09,11288.23785291,2018-01-13T20:02:10.634000Z
33253867,14099.08000000,0.16631320,14099.08,14099.09,11288.23785291,2018-01-13T20:02:10.634000Z
33253871,14099.09000000,0.37270000,14099.08,14099.09,11288.23785291,2018-01-13T20:02:13.769000Z
33253872,14099.08000000,0.34131427,14099.08,14099.09,11288.23785291,2018-01-13T20:02:14.958000Z
33253873,14099.08000000,0.03998439,14099.08,14099.09,11288.23785291,2018-01-13T20:02:15.627000Z
33253873,14099.08000000,0.03998439,14099.08,14099.09,11288.23785291,2018-01-13T20:02:15.627000Z
33253873,14099.08000000,0.03998439,14099.08,14099.09,11288.23785291,2018-01-13T20:02:15.627000Z
33253873,14099.08000000,0.03998439,14099.08,14099.09,11288.23785291,2018-01-13T20:02:15.627000Z
33253874,14099.09000000,0.05000000,14099.08,14099.09,11288.23785291,2018-01-13T20:02:19.956000Z
33253874,14099.09000000,0.05000000,14099.08,14099.09,11288.23785291,2018-01-13T20:02:19.956000Z
33253874,14099.09000000,0.05000000,14099.08,14099.09,11288.23785291,2018-01-13T20:02:19.956000Z
33253874,14099.09000000,0.05000000,14099.08,14099.09,11288.23785291,2018-01-13T20:02:19.956000Z
33253874,14099.09000000,0.05000000,14099.08,14099.09,11288.23785291,2018-01-13T20:02:19.956000Z
33253874,14099.09000000,0.05000000,14099.08,14099.09,11288.23785291,2018-01-13T20:02:19.956000Z
33253874,14099.09000000,0.05000000,14099.08,14099.09,11288.23785291,2018-01-13T20:02:19.956000Z
33253874,14099.09000000,0.05000000,14099.08,14099.09,11288.23785291,2018-01-13T20:02:19.956000Z
33253874,14099.09000000,0.05000000,14099.08,14099.09,11288.23785291,2018-01-13T20:02:19.956000Z
33253874,14099.09000000,0.05000000,14099.08,14099.09,11288.23785291,2018-01-13T20:02:19.956000Z
33253874,14099.09000000,0.05000000,14099.08,14099.09,11288.23785291,2018-01-13T20:02:19.956000Z
33253874,14099.09000000,0.05000000,14099.08,14099.09,11288.23785291,2018-01-13T20:02:19.956000Z
33253874,14099.09000000,0.05000000,14099.08,14099.09,11288.23785291,2018-01-13T20:02:19.956000Z
33253874,14099.09000000,0.05000000,14099.08,14099.09,11288.23785291,2018-01-13T20:02:19.956000Z
33253874,14099.09000000,0.05000000,14099.08,14099.09,11288.23785291,2018-01-13T20:02:19.956000Z
33253878,14099.09000000,0.02655815,14099.08,14099.09,11288.23785291,2018-01-13T20:02:34.679000Z
33253884,14099.10000000,0.09638009,14099.09,14099.1,11288.23785291,2018-01-13T20:02:36.092000Z
33253906,14099.98000000,0.03205114,14099.97,14099.98,11288.23785291,2018-01-13T20:02:36.591000Z
33253906,14099.98000000,0.03205114,14099.97,14099.98,11297.24407864,2018-01-13T20:02:36.591000Z
33253909,14100.00000000,0.00474896,14099.99,14100,11297.24407864,2018-01-13T20:02:38.254000Z
33253909,14100.00000000,0.00474896,14099.99,14100,11297.24407864,2018-01-13T20:02:38.254000Z
33253910,14100.00000000,0.07854618,14099.99,14100,11297.24407864,2018-01-13T20:02:40.859000Z
33253910,14100.00000000,0.07854618,14099.99,14100,11297.24407864,2018-01-13T20:02:40.859000Z
33253910,14100.00000000,0.07854618,14099.99,14100,11297.24407864,2018-01-13T20:02:40.859000Z
33253915,14100.00000000,0.45489098,14099.99,14100,11297.24407864,2018-01-13T20:02:43.963000Z
33253915,14100.00000000,0.45489098,14099.99,14100,11297.24407864,2018-01-13T20:02:43.963000Z
33253915,14100.00000000,0.45489098,14099.99,14100,11297.24407864,2018-01-13T20:02:43.963000Z
33253915,14100.00000000,0.45489098,14099.99,14100,11297.24407864,2018-01-13T20:02:43.963000Z
33253915,14100.00000000,0.45489098,14099.99,14100,11297.24407864,2018-01-13T20:02:43.963000Z
33253915,14100.00000000,0.45489098,14099.99,14100,11297.24407864,2018-01-13T20:02:43.963000Z
33253915,14100.00000000,0.45489098,14099.99,14100,11297.24407864,2018-01-13T20:02:43.963000Z
33253915,14100.00000000,0.45489098,14099.99,14100,11297.24407864,2018-01-13T20:02:43.963000Z
33253915,14100.00000000,0.45489098,14099.99,14100,11297.24407864,2018-01-13T20:02:43.963000Z
33253915,14100.00000000,0.45489098,14099.99,14100,11297.24407864,2018-01-13T20:02:43.963000Z
33253915,14100.00000000,0.45489098,14099.99,14100,11297.24407864,2018-01-13T20:02:43.963000Z
33253915,14100.00000000,0.45489098,14099.99,14100,11297.24407864,2018-01-13T20:02:43.963000Z
33253915,14100.00000000,0.45489098,14099.99,14100,11297.24407864,2018-01-13T20:02:43.963000Z
33253916,14099.99000000,0.13590000,14099.99,14100,11297.24407864,2018-01-13T20:02:56.677000Z
33253916,14099.99000000,0.13590000,14099.99,14100,11297.24407864,2018-01-13T20:02:56.677000Z
33253917,14100.00000000,0.11601370,14099.99,14100,11297.24407864,2018-01-13T20:02:58.348000Z
33253918,14100.00000000,0.04624652,14099.99,14100,11297.24407864,2018-01-13T20:02:59.848000Z
33253921,14100.00000000,0.05700000,14099.99,14100,11297.24407864,2018-01-13T20:03:00.878000Z
33253922,14100.00000000,0.10000000,14099.99,14100,11297.24407864,2018-01-13T20:03:01.565000Z
33253922,14100.00000000,0.10000000,14099.99,14100,11297.24407864,2018-01-13T20:03:01.565000Z
33253924,14100.00000000,0.08252953,14099.99,14100,11297.24407864,2018-01-13T20:03:03.899000Z
33253924,14100.00000000,0.08252953,14099.99,14100,11297.24407864,2018-01-13T20:03:03.899000Z
33253925,14100.00000000,0.21766896,14099.99,14100,11297.24407864,2018-01-13T20:03:05.244000Z
33253925,14100.00000000,0.21766896,14099.99,14100,11297.24407864,2018-01-13T20:03:05.244000Z
33253925,14100.00000000,0.21766896,14099.99,14100,11297.24407864,2018-01-13T20:03:05.244000Z
33253925,14100.00000000,0.21766896,14099.99,14100,11297.24407864,2018-01-13T20:03:05.244000Z
33253925,14100.00000000,0.21766896,14099.99,14100,11297.24407864,2018-01-13T20:03:05.244000Z
33253933,14100.00000000,0.14478254,14099.99,14100,11297.24407864,2018-01-13T20:03:10.444000Z
33253933,14100.00000000,0.14478254,14099.99,14100,11297.24407864,2018-01-13T20:03:10.444000Z
33253933,14100.00000000,0.14478254,14099.99,14100,11297.24407864,2018-01-13T20:03:10.444000Z
33253933,14100.00000000,0.14478254,14099.99,14100,11297.24407864,2018-01-13T20:03:10.444000Z
33253933,14100.00000000,0.14478254,14099.99,14100,11297.24407864,2018-01-13T20:03:10.444000Z
33253933,14100.00000000,0.14478254,14099.99,14100,11297.24407864,2018-01-13T20:03:10.444000Z
33253933,14100.00000000,0.14478254,14099.99,14100,11297.24407864,2018-01-13T20:03:10.444000Z
33253933,14100.00000000,0.14478254,14099.99,14100,11297.24407864,2018-01-13T20:03:10.444000Z
33253933,14100.00000000,0.14478254,14099.99,14100,11297.24407864,2018-01-13T20:03:10.444000Z
33253935,14100.00000000,0.01000000,14099.99,14100,11297.24407864,2018-01-13T20:03:19.825000Z
33253935,14100.00000000,0.01000000,14099.99,14100,11297.24407864,2018-01-13T20:03:19.825000Z
33253936,14100.00000000,0.00707451,14099.99,14100,11297.24407864,2018-01-13T20:03:21.997000Z
33253937,14100.00000000,0.25000000,14099.99,14100,11297.24407864,2018-01-13T20:03:22.746000Z
33253937,14100.00000000,0.25000000,14099.99,14100,11297.24407864,2018-01-13T20:03:22.746000Z
33253937,14100.00000000,0.25000000,14099.99,14100,11297.24407864,2018-01-13T20:03:22.746000Z
33253937,14100.00000000,0.25000000,14099.99,14100,11297.24407864,2018-01-13T20:03:22.746000Z
33253937,14100.00000000,0.25000000,14099.99,14100,11297.24407864,2018-01-13T20:03:22.746000Z
33253937,14100.00000000,0.25000000,14099.99,14100,11297.24407864,2018-01-13T20:03:22.746000Z
33253937,14100.00000000,0.25000000,14099.99,14100,11291.86207432,2018-01-13T20:03:22.746000Z
33253938,14100.00000000,0.25000000,14099.99,14100,11291.86207432,2018-01-13T20:03:29.471000Z
33253938,14100.00000000,0.25000000,14099.99,14100,11291.86207432,2018-01-13T20:03:29.471000Z
33253938,14100.00000000,0.25000000,14099.99,14100,11291.86207432,2018-01-13T20:03:29.471000Z
33253938,14100.00000000,0.25000000,14099.99,14100,11291.86207432,2018-01-13T20:03:29.471000Z
33253938,14100.00000000,0.25000000,14099.99,14100,11291.86207432,2018-01-13T20:03:29.471000Z
33253938,14100.00000000,0.25000000,14099.99,14100,11291.86207432,2018-01-13T20:03:29.471000Z
33253938,14100.00000000,0.25000000,14099.99,14100,11291.86207432,2018-01-13T20:03:29.471000Z
33253939,14100.00000000,0.02000000,14099.99,14100,11291.86207432,2018-01-13T20:03:36.446000Z
33253939,14100.00000000,0.02000000,14099.99,14100,11291.86207432,2018-01-13T20:03:36.446000Z
33253940,14100.00000000,0.25000000,14099.99,14100,11291.86207432,2018-01-13T20:03:38.992000Z
33253940,14100.00000000,0.25000000,14099.99,14100,11291.86207432,2018-01-13T20:03:38.992000Z
33253940,14100.00000000,0.25000000,14099.99,14100,11291.86207432,2018-01-13T20:03:38.992000Z
33253940,14100.00000000,0.25000000,14099.99,14100,11291.86207432,2018-01-13T20:03:38.992000Z
33253940,14100.00000000,0.25000000,14099.99,14100,11291.86207432,2018-01-13T20:03:38.992000Z
33253941,14100.00000000,0.10780000,14099.99,14100,11291.86207432,2018-01-13T20:03:43.402000Z
33253942,14100.00000000,0.25000000,14099.99,14100,11291.86207432,2018-01-13T20:03:45.403000Z
33253942,14100.00000000,0.25000000,14099.99,14100,11291.86207432,2018-01-13T20:03:45.403000Z
33253942,14100.00000000,0.25000000,14099.99,14100,11291.86207432,2018-01-13T20:03:45.403000Z
33253942,14100.00000000,0.25000000,14099.99,14100,11291.86207432,2018-01-13T20:03:45.403000Z
33253942,14100.00000000,0.25000000,14099.99,14100,11291.86207432,2018-01-13T20:03:45.403000Z
33253942,14100.00000000,0.25000000,14099.99,14100,11291.86207432,2018-01-13T20:03:45.403000Z
33253943,14100.00000000,0.25000000,14099.99,14100,11291.86207432,2018-01-13T20:03:50.541000Z
33253943,14100.00000000,0.25000000,14099.99,14100,11291.86207432,2018-01-13T20:03:50.541000Z
33253943,14100.00000000,0.25000000,14099.99,14100,11291.86207432,2018-01-13T20:03:50.541000Z
33253943,14100.00000000,0.25000000,14099.99,14100,11291.86207432,2018-01-13T20:03:50.541000Z
33253944,14100.00000000,0.25000000,14099.99,14100,11291.86207432,2018-01-13T20:03:54.687000Z
33253945,14100.00000000,0.01070019,14099.99,14100,11291.86207432,2018-01-13T20:03:55.553000Z
33253945,14100.00000000,0.01070019,14099.99,14100,11291.86207432,2018-01-13T20:03:55.553000Z
33253945,14100.00000000,0.01070019,14099.99,14100,11291.86207432,2018-01-13T20:03:55.553000Z
33253948,14100.00000000,0.18053759,14099.99,14100,11291.86207432,2018-01-13T20:03:58.927000Z
33253990,14114.00000000,0.05700000,14113.99,14114,11291.86207432,2018-01-13T20:04:00.233000Z
33253995,14115.00000000,0.05000000,14114.99,14115,11291.86207432,2018-01-13T20:04:01.081000Z
33253995,14115.00000000,0.05000000,14114.99,14115,11291.86207432,2018-01-13T20:04:01.081000Z
33253995,14115.00000000,0.05000000,14114.99,14115,11291.86207432,2018-01-13T20:04:01.081000Z
33254043,14127.15000000,0.03915631,14127.14,14127.15,11291.86207432,2018-01-13T20:04:04.199000Z
33254045,14129.00000000,0.11329100,14128.98,14128.99,11291.86207432,2018-01-13T20:04:04.739000Z
33254045,14129.00000000,0.11329100,14128.98,14128.99,11291.86207432,2018-01-13T20:04:04.739000Z
33254045,14129.00000000,0.11329100,14128.98,14128.99,11291.86207432,2018-01-13T20:04:04.739000Z
33254045,14129.00000000,0.11329100,14128.98,14128.99,11291.86207432,2018-01-13T20:04:04.739000Z
33254047,14128.99000000,0.24883228,14128.98,14128.99,11291.86207432,2018-01-13T20:04:08.988000Z
33254048,14128.98000000,0.01000000,14128.98,14128.99,11291.86207432,2018-01-13T20:04:09.845000Z
33254054,14128.99000000,0.02214237,14128.98,14128.99,11291.86207432,2018-01-13T20:04:10.861000Z
33254056,14128.99000000,0.04689132,14128.98,14128.99,11291.86207432,2018-01-13T20:04:11.479000Z
33254058,14129.00000000,0.04100000,14128.99,14129,11291.86207432,2018-01-13T20:04:12.661000Z
33254058,14129.00000000,0.04100000,14128.99,14129,11291.86207432,2018-01-13T20:04:12.661000Z
33254058,14129.00000000,0.04100000,14128.99,14129,11291.86207432,2018-01-13T20:04:12.661000Z
33254058,14129.00000000,0.04100000,14128.99,14129,11291.86207432,2018-01-13T20:04:12.661000Z
33254058,14129.00000000,0.04100000,14128.99,14129,11291.86207432,2018-01-13T20:04:12.661000Z
33254058,14129.00000000,0.04100000,14128.99,14129,11291.86207432,2018-01-13T20:04:12.661000Z
33254058,14129.00000000,0.04100000,14128.99,14129,11288.81147233,2018-01-13T20:04:12.661000Z
33254058,14129.00000000,0.04100000,14128.99,14129,11288.81147233,2018-01-13T20:04:12.661000Z
33254069,14143.55000000,0.55700721,14128.99,14143.55,11288.81147233,2018-01-13T20:04:21.330000Z
33254070,14143.53000000,0.01000000,14143.52,14143.53,11288.81147233,2018-01-13T20:04:22.210000Z
33254070,14143.53000000,0.01000000,14143.52,14143.53,11288.81147233,2018-01-13T20:04:22.210000Z
33254072,14143.53000000,0.00989217,14143.52,14143.53,11288.81147233,2018-01-13T20:04:24.655000Z
33254072,14143.53000000,0.00989217,14143.52,14143.53,11288.81147233,2018-01-13T20:04:24.655000Z
33254072,14143.53000000,0.00989217,14143.52,14143.53,11288.81147233,2018-01-13T20:04:24.655000Z
33254073,14143.53000000,0.25000000,14143.52,14143.53,11288.81147233,2018-01-13T20:04:26.597000Z
33254073,14143.53000000,0.25000000,14143.52,14143.53,11288.81147233,2018-01-13T20:04:26.597000Z
33254073,14143.53000000,0.25000000,14143.52,14143.53,11288.81147233,2018-01-13T20:04:26.597000Z
33254073,14143.53000000,0.25000000,14143.52,14143.53,11288.81147233,2018-01-13T20:04:26.597000Z
33254074,14143.53000000,0.01000000,14143.52,14143.53,11288.81147233,2018-01-13T20:04:30.385000Z
33254076,14143.53000000,0.00007052,14143.52,14143.53,11288.81147233,2018-01-13T20:04:32.152000Z
33254076,14143.53000000,0.00007052,14143.52,14143.53,11288.81147233,2018-01-13T20:04:32.152000Z
33254076,14143.53000000,0.00007052,14143.52,14143.53,11288.81147233,2018-01-13T20:04:32.152000Z
33254077,14143.53000000,0.25000000,14143.52,14143.53,11288.81147233,2018-01-13T20:04:34.901000Z
33254077,14143.53000000,0.25000000,14143.52,14143.53,11288.81147233,2018-01-13T20:04:34.901000Z
33254088,14129.37000000,0.00161987,14129.37,14143.53,11288.81147233,2018-01-13T20:04:37.543000Z
33254089,14135.09000000,0.25000000,14129.37,14131.99,11288.81147233,2018-01-13T20:04:38.119000Z
33254090,14129.37000000,0.00724803,14129.37,14129.38,11288.81147233,2018-01-13T20:04:39.219000Z
33254091,14129.37000000,0.00713580,14129.37,14129.38,11288.81147233,2018-01-13T20:04:39.743000Z
33254091,14129.37000000,0.00713580,14129.37,14129.38,11288.81147233,2018-01-13T20:04:39.743000Z
33254092,14129.38000000,0.25000000,14129.37,14129.38,11288.81147233,2018-01-13T20:04:41.657000Z
33254093,14129.37000000,0.13590000,14129.37,14129.38,11288.81147233,2018-01-13T20:04:43.321000Z
33254093,14129.37000000,0.13590000,14129.37,14129.38,11288.81147233,2018-01-13T20:04:43.321000Z
33254093,14129.37000000,0.13590000,14129.37,14129.38,11288.81147233,2018-01-13T20:04:43.321000Z
33254093,14129.37000000,0.13590000,14129.37,14129.38,11288.81147233,2018-01-13T20:04:43.321000Z
33254093,14129.37000000,0.13590000,14129.37,14129.38,11288.81147233,2018-01-13T20:04:43.321000Z
33254093,14129.37000000,0.13590000,14129.37,14129.38,11288.81147233,2018-01-13T20:04:43.321000Z
33254093,14129.37000000,0.13590000,14129.37,14129.38,11288.81147233,2018-01-13T20:04:43.321000Z
33254094,14129.38000000,0.00024709,14129.37,14129.38,11288.81147233,2018-01-13T20:04:49.610000Z
33254094,14129.38000000,0.00024709,14129.37,14129.38,11288.81147233,2018-01-13T20:04:49.610000Z
33254094,14129.38000000,0.00024709,14129.37,14129.38,11288.81147233,2018-01-13T20:04:49.610000Z
33254094,14129.38000000,0.00024709,14129.37,14129.38,11288.81147233,2018-01-13T20:04:49.610000Z
33254094,14129.38000000,0.00024709,14129.37,14129.38,11288.81147233,2018-01-13T20:04:49.610000Z
33254094,14129.38000000,0.00024709,14129.37,14129.38,11288.81147233,2018-01-13T20:04:49.610000Z
33254094,14129.38000000,0.00024709,14129.37,14129.38,11288.81147233,2018-01-13T20:04:49.610000Z
33254094,14129.38000000,0.00024709,14129.37,14129.38,11288.81147233,2018-01-13T20:04:49.610000Z
33254094,14129.38000000,0.00024709,14129.37,14129.38,11288.81147233,2018-01-13T20:04:49.610000Z
33254094,14129.38000000,0.00024709,14129.37,14129.38,11288.81147233,2018-01-13T20:04:49.610000Z
33254094,14129.38000000,0.00024709,14129.37,14129.38,11288.81147233,2018-01-13T20:04:49.610000Z
33254094,14129.38000000,0.00024709,14129.37,14129.38,11288.81147233,2018-01-13T20:04:49.610000Z
33254094,14129.38000000,0.00024709,14129.37,14129.38,11288.81147233,2018-01-13T20:04:49.610000Z
33254094,14129.38000000,0.00024709,14129.37,14129.38,11288.81147233,2018-01-13T20:04:49.610000Z
33254094,14129.38000000,0.00024709,14129.37,14129.38,11288.81147233,2018-01-13T20:04:49.610000Z
33254094,14129.38000000,0.00024709,14129.37,14129.38,11288.81147233,2018-01-13T20:04:49.610000Z
33254094,14129.38000000,0.00024709,14129.37,14129.38,11288.81147233,2018-01-13T20:04:49.610000Z
33254094,14129.38000000,0.00024709,14129.37,14129.38,11288.81147233,2018-01-13T20:04:49.610000Z
33254099,14129.38000000,0.08824752,14129.37,14129.38,11290.17250655,2018-01-13T20:05:08.411000Z
33254099,14129.38000000,0.08824752,14129.37,14129.38,11290.17250655,2018-01-13T20:05:08.411000Z
33254099,14129.38000000,0.08824752,14129.37,14129.38,11290.17250655,2018-01-13T20:05:08.411000Z
33254100,14129.37000000,2.05000000,14129.37,14129.38,11290.17250655,2018-01-13T20:05:11.310000Z
33254100,14129.37000000,2.05000000,14129.37,14129.38,11290.17250655,2018-01-13T20:05:11.310000Z
33254100,14129.37000000,2.05000000,14129.37,14129.38,11290.17250655,2018-01-13T20:05:11.310000Z
33254100,14129.37000000,2.05000000,14129.37,14129.38,11290.17250655,2018-01-13T20:05:11.310000Z
33254100,14129.37000000,2.05000000,14129.37,14129.38,11290.17250655,2018-01-13T20:05:11.310000Z
33254100,14129.37000000,2.05000000,14129.37,14129.38,11290.17250655,2018-01-13T20:05:11.310000Z
33254100,14129.37000000,2.05000000,14129.37,14129.38,11290.17250655,2018-01-13T20:05:11.310000Z
33254100,14129.37000000,2.05000000,14129.37,14129.38,11290.17250655,2018-01-13T20:05:11.310000Z
33254100,14129.37000000,2.05000000,14129.37,14129.38,11290.17250655,2018-01-13T20:05:11.310000Z
33254100,14129.37000000,2.05000000,14129.37,14129.38,11290.17250655,2018-01-13T20:05:11.310000Z
33254101,14129.38000000,0.08747094,14129.37,14129.38,11290.17250655,2018-01-13T20:05:21.289000Z
33254101,14129.38000000,0.08747094,14129.37,14129.38,11290.17250655,2018-01-13T20:05:21.289000Z
33254101,14129.38000000,0.08747094,14129.37,14129.38,11290.17250655,2018-01-13T20:05:21.289000Z
33254101,14129.38000000,0.08747094,14129.37,14129.38,11290.17250655,2018-01-13T20:05:21.289000Z
33254101,14129.38000000,0.08747094,14129.37,14129.38,11290.17250655,2018-01-13T20:05:21.289000Z
33254101,14129.38000000,0.08747094,14129.37,14129.38,11290.17250655,2018-01-13T20:05:21.289000Z
33254101,14129.38000000,0.08747094,14129.37,14129.38,11290.17250655,2018-01-13T20:05:21.289000Z
33254101,14129.38000000,0.08747094,14129.37,14129.38,11290.17250655,2018-01-13T20:05:21.289000Z
33254101,14129.38000000,0.08747094,14129.37,14129.38,11290.17250655,2018-01-13T20:05:21.289000Z
33254103,14129.37000000,0.08690000,14129.37,14129.38,11290.17250655,2018-01-13T20:05:29.937000Z
33254103,14129.37000000,0.08690000,14129.37,14129.38,11290.17250655,2018-01-13T20:05:29.937000Z
33254103,14129.37000000,0.08690000,14129.37,14129.38,11290.17250655,2018-01-13T20:05:29.937000Z
33254103,14129.37000000,0.08690000,14129.37,14129.38,11290.17250655,2018-01-13T20:05:29.937000Z
33254103,14129.37000000,0.08690000,14129.37,14129.38,11290.17250655,2018-01-13T20:05:29.937000Z
33254103,14129.37000000,0.08690000,14129.37,14129.38,11290.17250655,2018-01-13T20:05:29.937000Z
33254103,14129.37000000,0.08690000,14129.37,14129.38,11290.17250655,2018-01-13T20:05:29.937000Z
33254103,14129.37000000,0.08690000,14129.37,14129.38,11290.17250655,2018-01-13T20:05:29.937000Z
33254103,14129.37000000,0.08690000,14129.37,14129.38,11290.17250655,2018-01-13T20:05:29.937000Z
33254103,14129.37000000,0.08690000,14129.37,14129.38,11290.17250655,2018-01-13T20:05:29.937000Z
33254107,14129.38000000,0.03706678,14129.37,14129.38,11290.17250655,2018-01-13T20:05:40.455000Z
33254107,14129.38000000,0.03706678,14129.37,14129.38,11290.17250655,2018-01-13T20:05:40.455000Z
33254107,14129.38000000,0.03706678,14129.37,14129.38,11290.17250655,2018-01-13T20:05:40.455000Z
33254107,14129.38000000,0.03706678,14129.37,14129.38,11290.17250655,2018-01-13T20:05:40.455000Z
33254107,14129.38000000,0.03706678,14129.37,14129.38,11290.17250655,2018-01-13T20:05:40.455000Z
33254107,14129.38000000,0.03706678,14129.37,14129.38,11290.17250655,2018-01-13T20:05:40.455000Z
33254107,14129.38000000,0.03706678,14129.37,14129.38,11290.17250655,2018-01-13T20:05:40.455000Z
33254107,14129.38000000,0.03706678,14129.37,14129.38,11290.17250655,2018-01-13T20:05:40.455000Z
33254107,14129.38000000,0.03706678,14129.37,14129.38,11290.17250655,2018-01-13T20:05:40.455000Z
33254107,14129.38000000,0.03706678,14129.37,14129.38,11290.17250655,2018-01-13T20:05:40.455000Z
33254107,14129.38000000,0.03706678,14129.37,14129.38,11290.17250655,2018-01-13T20:05:40.455000Z
33254107,14129.38000000,0.03706678,14129.37,14129.38,11290.17250655,2018-01-13T20:05:40.455000Z
33254108,14129.37000000,0.07140000,14129.37,14129.38,11290.17250655,2018-01-13T20:05:52.489000Z
33254108,14129.37000000,0.07140000,14129.37,14129.38,11290.17250655,2018-01-13T20:05:52.489000Z
33254109,14129.37000000,0.61320000,14129.37,14129.38,11290.17250655,2018-01-13T20:05:54.517000Z
33254109,14129.37000000,0.61320000,14129.37,14129.38,11290.17250655,2018-01-13T20:05:54.517000Z
33254109,14129.37000000,0.61320000,14129.37,14129.38,11290.17250655,2018-01-13T20:05:54.517000Z
33254109,14129.37000000,0.61320000,14129.37,14129.38,11290.17250655,2018-01-13T20:05:54.517000Z
33254109,14129.37000000,0.61320000,14129.37,14129.38,11289.05238695,2018-01-13T20:05:54.517000Z
33254109,14129.37000000,0.61320000,14129.37,14129.38,11289.05238695,2018-01-13T20:05:54.517000Z
33254109,14129.37000000,0.61320000,14129.37,14129.38,11289.05238695,2018-01-13T20:05:54.517000Z
33254110,14129.37000000,0.00744772,14129.37,14129.38,11289.05238695,2018-01-13T20:06:01.346000Z
33254110,14129.37000000,0.00744772,14129.37,14129.38,11289.05238695,2018-01-13T20:06:01.346000Z
33254110,14129.37000000,0.00744772,14129.37,14129.38,11289.05238695,2018-01-13T20:06:01.346000Z
33254111,14129.38000000,0.00092579,14129.37,14129.38,11289.05238695,2018-01-13T20:06:04.536000Z
33254111,14129.38000000,0.00092579,14129.37,14129.38,11289.05238695,2018-01-13T20:06:04.536000Z
33254111,14129.38000000,0.00092579,14129.37,14129.38,11289.05238695,2018-01-13T20:06:04.536000Z
33254111,14129.38000000,0.00092579,14129.37,14129.38,11289.05238695,2018-01-13T20:06:04.536000Z
33254111,14129.38000000,0.00092579,14129.37,14129.38,11289.05238695,2018-01-13T20:06:04.536000Z
33254114,14129.38000000,0.07059801,14129.37,14129.38,11289.05238695,2018-01-13T20:06:08.752000Z
33254114,14129.38000000,0.07059801,14129.37,14129.38,11289.05238695,2018-01-13T20:06:08.752000Z
33254115,14129.38000000,0.25800000,14129.37,14129.38,11289.05238695,2018-01-13T20:06:11.301000Z
33254115,14129.38000000,0.25800000,14129.37,14129.38,11289.05238695,2018-01-13T20:06:11.301000Z
33254115,14129.38000000,0.25800000,14129.37,14129.38,11289.05238695,2018-01-13T20:06:11.301000Z
33254115,14129.38000000,0.25800000,14129.37,14129.38,11289.05238695,2018-01-13T20:06:11.301000Z
33254115,14129.38000000,0.25800000,14129.37,14129.38,11289.05238695,2018-01-13T20:06:11.301000Z
33254115,14129.38000000,0.25800000,14129.37,14129.38,11289.05238695,2018-01-13T20:06:11.301000Z
33254115,14129.38000000,0.25800000,14129.37,14129.38,11289.05238695,2018-01-13T20:06:11.301000Z
33254115,14129.38000000,0.25800000,14129.37,14129.38,11289.05238695,2018-01-13T20:06:11.301000Z
33254115,14129.38000000,0.25800000,14129.37,14129.38,11289.05238695,2018-01-13T20:06:11.301000Z
33254115,14129.38000000,0.25800000,14129.37,14129.38,11289.05238695,2018-01-13T20:06:11.301000Z
33254115,14129.38000000,0.25800000,14129.37,14129.38,11289.05238695,2018-01-13T20:06:11.301000Z
33254115,14129.38000000,0.25800000,14129.37,14129.38,11289.05238695,2018-01-13T20:06:11.301000Z
33254115,14129.38000000,0.25800000,14129.37,14129.38,11289.05238695,2018-01-13T20:06:11.301000Z
33254115,14129.38000000,0.25800000,14129.37,14129.38,11289.05238695,2018-01-13T20:06:11.301000Z
33254115,14129.38000000,0.25800000,14129.37,14129.38,11289.05238695,2018-01-13T20:06:11.301000Z
33254115,14129.38000000,0.25800000,14129.37,14129.38,11289.05238695,2018-01-13T20:06:11.301000Z
33254115,14129.38000000,0.25800000,14129.37,14129.38,11289.05238695,2018-01-13T20:06:11.301000Z
33254115,14129.38000000,0.25800000,14129.37,14129.38,11289.05238695,2018-01-13T20:06:11.301000Z
33254116,14129.38000000,0.07059801,14129.37,14129.38,11289.05238695,2018-01-13T20:06:29.068000Z
33254117,14129.38000000,0.30747060,14129.37,14129.38,11289.05238695,2018-01-13T20:06:29.903000Z
33254117,14129.38000000,0.30747060,14129.37,14129.38,11289.05238695,2018-01-13T20:06:29.903000Z
33254118,14129.38000000,0.11960000,14129.37,14129.38,11289.05238695,2018-01-13T20:06:32.356000Z
33254118,14129.38000000,0.11960000,14129.37,14129.38,11289.05238695,2018-01-13T20:06:32.356000Z
33254118,14129.38000000,0.11960000,14129.37,14129.38,11289.05238695,2018-01-13T20:06:32.356000Z
33254119,14129.38000000,0.00705980,14129.37,14129.38,11289.05238695,2018-01-13T20:06:34.892000Z
33254119,14129.38000000,0.00705980,14129.37,14129.38,11289.05238695,2018-01-13T20:06:34.892000Z
33254120,14129.37000000,0.11810457,14129.37,14129.38,11289.05238695,2018-01-13T20:06:37.582000Z
33254120,14129.37000000,0.11810457,14129.37,14129.38,11289.05238695,2018-01-13T20:06:37.582000Z
33254122,14129.38000000,0.19402435,14129.37,14129.38,11289.05238695,2018-01-13T20:06:41.787000Z
33254122,14129.38000000,0.19402435,14129.37,14129.38,11289.05238695,2018-01-13T20:06:41.787000Z
33254122,14129.38000000,0.19402435,14129.37,14129.38,11289.05238695,2018-01-13T20:06:41.787000Z
33254124,14129.38000000,0.02000000,14129.37,14129.38,11289.05238695,2018-01-13T20:06:44.936000Z
33254124,14129.38000000,0.02000000,14129.37,14129.38,11289.05238695,2018-01-13T20:06:44.936000Z
33254125,14129.38000000,0.01764950,14129.37,14129.38,11289.05238695,2018-01-13T20:06:46.753000Z
33254125,14129.38000000,0.01764950,14129.37,14129.38,11289.05238695,2018-01-13T20:06:46.753000Z
33254126,14129.38000000,0.49374559,14129.37,14129.38,11289.05238695,2018-01-13T20:06:49.609000Z
33254126,14129.38000000,0.49374559,14129.37,14129.38,11289.05238695,2018-01-13T20:06:49.609000Z
33254126,14129.38000000,0.49374559,14129.37,14129.38,11289.05238695,2018-01-13T20:06:49.609000Z
33254126,14129.38000000,0.49374559,14129.37,14129.38,11289.05238695,2018-01-13T20:06:49.609000Z
33254126,14129.38000000,0.49374559,14129.37,14129.38,11283.84221618,2018-01-13T20:06:49.609000Z
33254126,14129.38000000,0.49374559,14129.37,14129.38,11283.84221618,2018-01-13T20:06:49.609000Z
33254126,14129.38000000,0.49374559,14129.37,14129.38,11283.84221618,2018-01-13T20:06:49.609000Z
33254141,14142.36000000,0.26675346,14129.39,14142.36,11283.84221618,2018-01-13T20:06:54.297000Z
33254141,14142.36000000,0.26675346,14142.35,14142.36,11283.84221618,2018-01-13T20:06:54.297000Z
33254141,14142.36000000,0.26675346,14142.35,14142.36,11283.84221618,2018-01-13T20:06:54.297000Z
33254141,14142.36000000,0.26675346,14142.35,14142.36,11283.84221618,2018-01-13T20:06:54.297000Z
33254141,14142.36000000,0.26675346,14142.35,14142.36,11283.84221618,2018-01-13T20:06:54.297000Z
33254141,14142.36000000,0.26675346,14142.35,14142.36,11283.84221618,2018-01-13T20:06:54.297000Z
33254141,14142.36000000,0.26675346,14142.35,14142.36,11283.84221618,2018-01-13T20:06:54.297000Z
33254141,14142.36000000,0.26675346,14142.35,14142.36,11283.84221618,2018-01-13T20:06:54.297000Z
33254141,14142.36000000,0.26675346,14142.35,14142.36,11283.84221618,2018-01-13T20:06:54.297000Z
33254141,14142.36000000,0.26675346,14142.35,14142.36,11283.84221618,2018-01-13T20:06:54.297000Z
33254141,14142.36000000,0.26675346,14142.35,14142.36,11283.84221618,2018-01-13T20:06:54.297000Z
33254141,14142.36000000,0.26675346,14142.35,14142.36,11283.84221618,2018-01-13T20:06:54.297000Z
33254141,14142.36000000,0.26675346,14142.35,14142.36,11283.84221618,2018-01-13T20:06:54.297000Z
33254141,14142.36000000,0.26675346,14142.35,14142.36,11283.84221618,2018-01-13T20:06:54.297000Z
33254141,14142.36000000,0.26675346,14142.35,14142.36,11283.84221618,2018-01-13T20:06:54.297000Z
33254141,14142.36000000,0.26675346,14142.35,14142.36,11283.84221618,2018-01-13T20:06:54.297000Z
33254141,14142.36000000,0.26675346,14142.35,14142.36,11283.84221618,2018-01-13T20:06:54.297000Z
33254142,14142.36000000,0.14855495,14142.35,14142.36,11283.84221618,2018-01-13T20:07:10.426000Z
33254142,14142.36000000,0.14855495,14142.35,14142.36,11283.84221618,2018-01-13T20:07:10.426000Z
33254143,14142.35000000,0.12060000,14142.35,14142.36,11283.84221618,2018-01-13T20:07:12.549000Z
33254143,14142.35000000,0.12060000,14142.35,14142.36,11283.84221618,2018-01-13T20:07:12.549000Z
33254143,14142.35000000,0.12060000,14142.35,14142.36,11283.84221618,2018-01-13T20:07:12.549000Z
33254143,14142.35000000,0.12060000,14142.35,14142.36,11283.84221618,2018-01-13T20:07:12.549000Z
33254143,14142.35000000,0.12060000,14142.35,14142.36,11283.84221618,2018-01-13T20:07:12.549000Z
33254143,14142.35000000,0.12060000,14142.35,14142.36,11283.84221618,2018-01-13T20:07:12.549000Z
33254143,14142.35000000,0.12060000,14142.35,14142.36,11283.84221618,2018-01-13T20:07:12.549000Z
33254143,14142.35000000,0.12060000,14142.35,14142.36,11283.84221618,2018-01-13T20:07:12.549000Z
33254143,14142.35000000,0.12060000,14142.35,14142.36,11283.84221618,2018-01-13T20:07:12.549000Z
33254143,14142.35000000,0.12060000,14142.35,14142.36,11283.84221618,2018-01-13T20:07:12.549000Z
33254143,14142.35000000,0.12060000,14142.35,14142.36,11283.84221618,2018-01-13T20:07:12.549000Z
33254143,14142.35000000,0.12060000,14142.35,14142.36,11283.84221618,2018-01-13T20:07:12.549000Z
33254144,14142.36000000,0.00007053,14142.35,14142.36,11283.84221618,2018-01-13T20:07:24.541000Z
33254145,14142.36000000,0.02562542,14142.35,14142.36,11283.84221618,2018-01-13T20:07:25.170000Z
33254145,14142.36000000,0.02562542,14142.35,14142.36,11283.84221618,2018-01-13T20:07:25.170000Z
33254145,14142.36000000,0.02562542,14142.35,14142.36,11283.84221618,2018-01-13T20:07:25.170000Z
33254145,14142.36000000,0.02562542,14142.35,14142.36,11283.84221618,2018-01-13T20:07:25.170000Z
33254145,14142.36000000,0.02562542,14142.35,14142.36,11283.84221618,2018-01-13T20:07:25.170000Z
33254145,14142.36000000,0.02562542,14142.35,14142.36,11283.84221618,2018-01-13T20:07:25.170000Z
33254145,14142.36000000,0.02562542,14142.35,14142.36,11283.84221618,2018-01-13T20:07:25.170000Z
33254145,14142.36000000,0.02562542,14142.35,14142.36,11283.84221618,2018-01-13T20:07:25.170000Z
33254146,14142.36000000,0.55880000,14142.35,14142.36,11283.84221618,2018-01-13T20:07:33.390000Z
33254147,14142.36000000,0.03083007,14142.35,14142.36,11283.84221618,2018-01-13T20:07:34.721000Z
33254148,14142.36000000,0.00705332,14142.35,14142.36,11283.84221618,2018-01-13T20:07:35.768000Z
33254148,14142.36000000,0.00705332,14142.35,14142.36,11283.84221618,2018-01-13T20:07:35.768000Z
33254149,14142.35000000,0.00758300,14142.35,14142.36,11283.49063866,2018-01-13T20:07:36.782000Z
33254149,14142.35000000,0.00758300,14142.35,14142.36,11283.49063866,2018-01-13T20:07:36.782000Z
33254150,14142.36000000,0.00705332,14142.35,14142.36,11283.49063866,2018-01-13T20:07:39.126000Z
33254150,14142.36000000,0.00705332,14142.35,14142.36,11283.49063866,2018-01-13T20:07:39.126000Z
33254150,14142.36000000,0.00705332,14142.35,14142.36,11283.49063866,2018-01-13T20:07:39.126000Z
33254150,14142.36000000,0.00705332,14142.35,14142.36,11283.49063866,2018-01-13T20:07:39.126000Z
33254151,14142.36000000,0.00061857,14142.35,14142.36,11283.49063866,2018-01-13T20:07:43.667000Z
33254151,14142.36000000,0.00061857,14142.35,14142.36,11283.49063866,2018-01-13T20:07:43.667000Z
33254151,14142.36000000,0.00061857,14142.35,14142.36,11283.49063866,2018-01-13T20:07:43.667000Z
33254151,14142.36000000,0.00061857,14142.35,14142.36,11283.49063866,2018-01-13T20:07:43.667000Z
33254151,14142.36000000,0.00061857,14142.35,14142.36,11283.49063866,2018-01-13T20:07:43.667000Z
33254151,14142.36000000,0.00061857,14142.35,14142.36,11283.49063866,2018-01-13T20:07:43.667000Z
33254160,14143.00000000,0.83180093,14142.99,14143,11283.49063866,2018-01-13T20:07:49.608000Z
33254160,14143.00000000,0.83180093,14142.99,14143,11283.49063866,2018-01-13T20:07:49.608000Z
33254160,14143.00000000,0.83180093,14142.99,14143,11283.49063866,2018-01-13T20:07:49.608000Z
33254161,14142.99000000,0.03000000,14142.99,14143,11283.49063866,2018-01-13T20:07:52.494000Z
33254161,14142.99000000,0.03000000,14142.99,14143,11283.49063866,2018-01-13T20:07:52.494000Z
33254161,14142.99000000,0.03000000,14142.99,14143,11283.49063866,2018-01-13T20:07:52.494000Z
33254161,14142.99000000,0.03000000,14142.99,14143,11283.49063866,2018-01-13T20:07:52.494000Z
33254162,14143.00000000,0.00029834,14142.99,14143,11283.49063866,2018-01-13T20:07:56.232000Z
33254162,14143.00000000,0.00029834,14142.99,14143,11283.49063866,2018-01-13T20:07:56.232000Z
33254162,14143.00000000,0.00029834,14142.99,14143,11283.49063866,2018-01-13T20:07:56.232000Z
33254162,14143.00000000,0.00029834,14142.99,14143,11283.49063866,2018-01-13T20:07:56.232000Z
33254162,14143.00000000,0.00029834,14142.99,14143,11283.49063866,2018-01-13T20:07:56.232000Z
33254162,14143.00000000,0.00029834,14142.99,14143,11283.49063866,2018-01-13T20:07:56.232000Z
33254163,14143.00000000,0.03958991,14142.99,14143,11283.49063866,2018-01-13T20:08:01.985000Z
33254163,14143.00000000,0.03958991,14142.99,14143,11283.49063866,2018-01-13T20:08:01.985000Z
33254163,14143.00000000,0.03958991,14142.99,14143,11283.49063866,2018-01-13T20:08:01.985000Z
33254164,14143.00000000,0.00070530,14142.99,14143,11283.49063866,2018-01-13T20:08:05.504000Z
33254164,14143.00000000,0.00070530,14142.99,14143,11283.49063866,2018-01-13T20:08:05.504000Z
33254164,14143.00000000,0.00070530,14142.99,14143,11283.49063866,2018-01-13T20:08:05.504000Z
33254164,14143.00000000,0.00070530,14142.99,14143,11283.49063866,2018-01-13T20:08:05.504000Z
33254169,14142.99000000,0.05968300,14142.99,14143,11283.49063866,2018-01-13T20:08:09.723000Z
33254169,14142.99000000,0.05968300,14142.99,14143,11283.49063866,2018-01-13T20:08:09.723000Z
33254169,14142.99000000,0.05968300,14142.99,14143,11283.49063866,2018-01-13T20:08:09.723000Z
33254169,14142.99000000,0.05968300,14142.99,14143,11283.49063866,2018-01-13T20:08:09.723000Z
33254169,14142.99000000,0.05968300,14142.99,14143,11283.49063866,2018-01-13T20:08:09.723000Z
33254169,14142.99000000,0.05968300,14142.99,14143,11283.49063866,2018-01-13T20:08:09.723000Z
33254169,14142.99000000,0.05968300,14142.99,14143,11283.49063866,2018-01-13T20:08:09.723000Z
33254169,14142.99000000,0.05968300,14142.99,14143,11283.49063866,2018-01-13T20:08:09.723000Z
33254170,14142.99000000,0.00077619,14142.99,14143,11283.49063866,2018-01-13T20:08:17.083000Z
33254170,14142.99000000,0.00077619,14142.99,14143,11283.49063866,2018-01-13T20:08:17.083000Z
33254170,14142.99000000,0.00077619,14142.99,14143,11283.49063866,2018-01-13T20:08:17.083000Z
33254170,14142.99000000,0.00077619,14142.99,14143,11283.49063866,2018-01-13T20:08:17.083000Z
33254170,14142.99000000,0.00077619,14142.99,14143,11283.49063866,2018-01-13T20:08:17.083000Z
33254170,14142.99000000,0.00077619,14142.99,14143,11283.49063866,2018-01-13T20:08:17.083000Z
33254170,14142.99000000,0.00077619,14142.99,14143,11283.49063866,2018-01-13T20:08:17.083000Z
33254170,14142.99000000,0.00077619,14142.99,14143,11283.49063866,2018-01-13T20:08:17.083000Z
33254170,14142.99000000,0.00077619,14142.99,14143,11283.49063866,2018-01-13T20:08:17.083000Z
33254173,14142.99000000,0.04124725,14142.99,14143,11283.49063866,2018-01-13T20:08:26.349000Z
33254173,14142.99000000,0.04124725,14142.99,14143,11283.49063866,2018-01-13T20:08:26.349000Z
33254173,14142.99000000,0.04124725,14142.99,14143,11279.65630989,2018-01-13T20:08:26.349000Z
33254175,14143.00000000,0.00007053,14142.99,14143,11279.65630989,2018-01-13T20:08:29.652000Z
33254175,14143.00000000,0.00007053,14142.99,14143,11279.65630989,2018-01-13T20:08:29.652000Z
33254175,14143.00000000,0.00007053,14142.99,14143,11279.65630989,2018-01-13T20:08:29.652000Z
33254175,14143.00000000,0.00007053,14142.99,14143,11279.65630989,2018-01-13T20:08:29.652000Z
33254175,14143.00000000,0.00007053,14142.99,14143,11279.65630989,2018-01-13T20:08:29.652000Z
33254176,14143.00000000,0.03526501,14142.99,14143,11279.65630989,2018-01-13T20:08:34.446000Z
33254176,14143.00000000,0.03526501,14142.99,14143,11279.65630989,2018-01-13T20:08:34.446000Z
33254176,14143.00000000,0.03526501,14142.99,14143,11279.65630989,2018-01-13T20:08:34.446000Z
33254176,14143.00000000,0.03526501,14142.99,14143,11279.65630989,2018-01-13T20:08:34.446000Z
33254176,14143.00000000,0.03526501,14142.99,14143,11279.65630989,2018-01-13T20:08:34.446000Z
33254176,14143.00000000,0.03526501,14142.99,14143,11279.65630989,2018-01-13T20:08:34.446000Z
33254177,14143.00000000,0.04231801,14142.99,14143,11279.65630989,2018-01-13T20:08:40.738000Z
33254177,14143.00000000,0.04231801,14142.99,14143,11279.65630989,2018-01-13T20:08:40.738000Z
33254177,14143.00000000,0.04231801,14142.99,14143,11279.65630989,2018-01-13T20:08:40.738000Z
33254177,14143.00000000,0.04231801,14142.99,14143,11279.65630989,2018-01-13T20:08:40.738000Z
33254177,14143.00000000,0.04231801,14142.99,14143,11279.65630989,2018-01-13T20:08:40.738000Z
33254177,14143.00000000,0.04231801,14142.99,14143,11279.65630989,2018-01-13T20:08:40.738000Z
33254177,14143.00000000,0.04231801,14142.99,14143,11279.65630989,2018-01-13T20:08:40.738000Z
33254177,14143.00000000,0.04231801,14142.99,14143,11279.65630989,2018-01-13T20:08:40.738000Z
33254177,14143.00000000,0.04231801,14142.99,14143,11279.65630989,2018-01-13T20:08:40.738000Z
33254177,14143.00000000,0.04231801,14142.99,14143,11279.65630989,2018-01-13T20:08:40.738000Z
33254178,14143.00000000,0.00211590,14142.99,14143,11279.65630989,2018-01-13T20:08:50.807000Z
33254178,14143.00000000,0.00211590,14142.99,14143,11279.65630989,2018-01-13T20:08:50.807000Z
33254178,14143.00000000,0.00211590,14142.99,14143,11279.65630989,2018-01-13T20:08:50.807000Z
33254178,14143.00000000,0.00211590,14142.99,14143,11279.65630989,2018-01-13T20:08:50.807000Z
33254179,14143.00000000,0.30770000,14142.99,14143,11279.65630989,2018-01-13T20:08:54.280000Z
33254180,14143.00000000,1.00082114,14142.99,14143,11279.65630989,2018-01-13T20:08:55.781000Z
33254180,14143.00000000,1.00082114,14142.99,14143,11279.65630989,2018-01-13T20:08:55.781000Z
33254180,14143.00000000,1.00082114,14142.99,14143,11279.65630989,2018-01-13T20:08:55.781000Z
33254180,14143.00000000,1.00082114,14142.99,14143,11279.65630989,2018-01-13T20:08:55.781000Z
33254180,14143.00000000,1.00082114,14142.99,14143,11279.65630989,2018-01-13T20:08:55.781000Z
33254180,14143.00000000,1.00082114,14142.99,14143,11279.65630989,2018-01-13T20:08:55.781000Z
33254180,14143.00000000,1.00082114,14142.99,14143,11279.65630989,2018-01-13T20:08:55.781000Z
33254180,14143.00000000,1.00082114,14142.99,14143,11279.65630989,2018-01-13T20:08:55.781000Z
33254180,14143.00000000,1.00082114,14142.99,14143,11279.65630989,2018-01-13T20:08:55.781000Z
33254180,14143.00000000,1.00082114,14142.99,14143,11279.65630989,2018-01-13T20:08:55.781000Z
33254180,14143.00000000,1.00082114,14142.99,14143,11279.65630989,2018-01-13T20:08:55.781000Z
33254180,14143.00000000,1.00082114,14142.99,14143,11279.65630989,2018-01-13T20:08:55.781000Z
33254180,14143.00000000,1.00082114,14142.99,14143,11279.65630989,2018-01-13T20:08:55.781000Z
33254180,14143.00000000,1.00082114,14142.99,14143,11279.65630989,2018-01-13T20:08:55.781000Z
33254180,14143.00000000,1.00082114,14142.99,14143,11279.65630989,2018-01-13T20:08:55.781000Z
33254180,14143.00000000,1.00082114,14142.99,14143,11279.65630989,2018-01-13T20:08:55.781000Z
33254182,14142.99000000,0.03063000,14142.99,14143,11279.65630989,2018-01-13T20:09:11.053000Z
33254183,14143.00000000,1.09800000,14142.99,14143,11279.65630989,2018-01-13T20:09:12.308000Z
33254183,14143.00000000,1.09800000,14142.99,14143,11279.65630989,2018-01-13T20:09:12.308000Z
33254183,14143.00000000,1.09800000,14142.99,14143,11279.65630989,2018-01-13T20:09:12.308000Z
33254185,14142.99000000,0.36969010,14142.99,14143,11279.65630989,2018-01-13T20:09:15.954000Z
33254185,14142.99000000,0.36969010,14142.99,14143,11279.65630989,2018-01-13T20:09:15.954000Z
33254185,14142.99000000,0.36969010,14142.99,14143,11277.35293106,2018-01-13T20:09:15.954000Z
33254185,14142.99000000,0.36969010,14142.99,14143,11277.35293106,2018-01-13T20:09:15.954000Z
33254185,14142.99000000,0.36969010,14142.99,14143,11277.35293106,2018-01-13T20:09:15.954000Z
33254185,14142.99000000,0.36969010,14142.99,14143,11277.35293106,2018-01-13T20:09:15.954000Z
33254185,14142.99000000,0.36969010,14142.99,14143,11277.35293106,2018-01-13T20:09:15.954000Z
33254185,14142.99000000,0.36969010,14142.99,14143,11277.35293106,2018-01-13T20:09:15.954000Z
33254185,14142.99000000,0.36969010,14142.99,14143,11277.35293106,2018-01-13T20:09:15.954000Z
33254185,14142.99000000,0.36969010,14142.99,14143,11277.35293106,2018-01-13T20:09:15.954000Z
33254185,14142.99000000,0.36969010,14142.99,14143,11277.35293106,2018-01-13T20:09:15.954000Z
33254185,14142.99000000,0.36969010,14142.99,14143,11277.35293106,2018-01-13T20:09:15.954000Z
33254185,14142.99000000,0.36969010,14142.99,14143,11277.35293106,2018-01-13T20:09:15.954000Z
33254185,14142.99000000,0.36969010,14142.99,14143,11277.35293106,2018-01-13T20:09:15.954000Z
33254185,14142.99000000,0.36969010,14142.99,14143,11277.35293106,2018-01-13T20:09:15.954000Z
33254185,14142.99000000,0.36969010,14142.99,14143,11277.35293106,2018-01-13T20:09:15.954000Z
33254185,14142.99000000,0.36969010,14142.99,14143,11277.35293106,2018-01-13T20:09:15.954000Z
33254185,14142.99000000,0.36969010,14142.99,14143,11277.35293106,2018-01-13T20:09:15.954000Z
33254185,14142.99000000,0.36969010,14142.99,14143,11277.35293106,2018-01-13T20:09:15.954000Z
33254185,14142.99000000,0.36969010,14142.99,14143,11277.35293106,2018-01-13T20:09:15.954000Z
33254186,14143.00000000,0.84080000,14142.99,14143,11277.35293106,2018-01-13T20:09:35.791000Z
33254186,14143.00000000,0.84080000,14142.99,14143,11277.35293106,2018-01-13T20:09:35.791000Z
33254186,14143.00000000,0.84080000,14142.99,14143,11277.35293106,2018-01-13T20:09:35.791000Z
33254187,14142.99000000,0.06322108,14142.99,14143,11277.35293106,2018-01-13T20:09:38.199000Z
33254188,14143.00000000,0.04470314,14142.99,14143,11277.35293106,2018-01-13T20:09:39.481000Z
33254188,14143.00000000,0.04470314,14142.99,14143,11277.35293106,2018-01-13T20:09:39.481000Z
33254188,14143.00000000,0.04470314,14142.99,14143,11277.35293106,2018-01-13T20:09:39.481000Z
33254188,14143.00000000,0.04470314,14142.99,14143,11277.35293106,2018-01-13T20:09:39.481000Z
33254188,14143.00000000,0.04470314,14142.99,14143,11277.35293106,2018-01-13T20:09:39.481000Z
33254188,14143.00000000,0.04470314,14142.99,14143,11277.35293106,2018-01-13T20:09:39.481000Z
33254188,14143.00000000,0.04470314,14142.99,14143,11277.35293106,2018-01-13T20:09:39.481000Z
33254189,14143.00000000,0.07258037,14142.99,14143,11277.35293106,2018-01-13T20:09:46.592000Z
33254189,14143.00000000,0.07258037,14142.99,14143,11277.35293106,2018-01-13T20:09:46.592000Z
33254190,14143.00000000,0.01325240,14142.99,14143,11277.35293106,2018-01-13T20:09:48.254000Z
33254190,14143.00000000,0.01325240,14142.99,14143,11277.35293106,2018-01-13T20:09:48.254000Z
33254190,14143.00000000,0.01325240,14142.99,14143,11277.35293106,2018-01-13T20:09:48.254000Z
33254190,14143.00000000,0.01325240,14142.99,14143,11277.35293106,2018-01-13T20:09:48.254000Z
33254190,14143.00000000,0.01325240,14142.99,14143,11277.35293106,2018-01-13T20:09:48.254000Z
33254195,14143.00000000,0.22043403,14142.99,14143,11277.35293106,2018-01-13T20:09:53.621000Z
33254195,14143.00000000,0.22043403,14142.99,14143,11277.35293106,2018-01-13T20:09:53.621000Z
33254229,14143.55000000,0.07058159,14143.54,14143.55,11277.35293106,2018-01-13T20:09:55.871000Z
33254229,14143.55000000,0.07058159,14143.54,14143.55,11277.35293106,2018-01-13T20:09:55.871000Z
33254230,14143.55000000,0.03330862,14143.54,14143.55,11277.35293106,2018-01-13T20:09:57.535000Z
33254231,14143.55000000,0.22220000,14143.54,14143.55,11277.35293106,2018-01-13T20:09:58.324000Z
33254231,14143.55000000,0.22220000,14143.54,14143.55,11277.35293106,2018-01-13T20:09:58.324000Z
33254231,14143.55000000,0.22220000,14143.54,14143.55,11277.35293106,2018-01-13T20:09:58.324000Z
33254231,14143.55000000,0.22220000,14143.54,14143.55,11277.35293106,2018-01-13T20:09:58.324000Z
33254231,14143.55000000,0.22220000,14143.54,14143.55,11277.35293106,2018-01-13T20:09:58.324000Z
33254233,14143.55000000,0.00198534,14143.54,14143.55,11277.35293106,2018-01-13T20:10:03.173000Z
33254233,14143.55000000,0.00198534,14143.54,14143.55,11277.35293106,2018-01-13T20:10:03.173000Z
33254233,14143.55000000,0.00198534,14143.54,14143.55,11277.35293106,2018-01-13T20:10:03.173000Z
33254233,14143.55000000,0.00198534,14143.54,14143.55,11277.35293106,2018-01-13T20:10:03.173000Z
33254233,14143.55000000,0.00198534,14143.54,14143.55,11277.35293106,2018-01-13T20:10:03.173000Z
33254233,14143.55000000,0.00198534,14143.54,14143.55,11277.35293106,2018-01-13T20:10:03.173000Z
33254233,14143.55000000,0.00198534,14143.54,14143.55,11277.35293106,2018-01-13T20:10:03.173000Z
33254233,14143.55000000,0.00198534,14143.54,14143.55,11272.20984307,2018-01-13T20:10:03.173000Z
33254234,14143.55000000,0.05862087,14143.54,14143.55,11272.20984307,2018-01-13T20:10:11.676000Z
33254234,14143.55000000,0.05862087,14143.54,14143.55,11272.20984307,2018-01-13T20:10:11.676000Z
33254235,14143.55000000,0.01000000,14143.54,14143.55,11272.20984307,2018-01-13T20:10:13.896000Z
33254236,14143.55000000,0.00007052,14143.54,14143.55,11272.20984307,2018-01-13T20:10:14.314000Z
33254236,14143.55000000,0.00007052,14143.54,14143.55,11272.20984307,2018-01-13T20:10:14.314000Z
33254236,14143.55000000,0.00007052,14143.54,14143.55,11272.20984307,2018-01-13T20:10:14.314000Z
33254236,14143.55000000,0.00007052,14143.54,14143.55,11272.20984307,2018-01-13T20:10:14.314000Z
33254236,14143.55000000,0.00007052,14143.54,14143.55,11272.20984307,2018-01-13T20:10:14.314000Z
33254236,14143.55000000,0.00007052,14143.54,14143.55,11272.20984307,2018-01-13T20:10:14.314000Z
33254236,14143.55000000,0.00007052,14143.54,14143.55,11272.20984307,2018-01-13T20:10:14.314000Z
33254236,14143.55000000,0.00007052,14143.54,14143.55,11272.20984307,2018-01-13T20:10:14.314000Z
33254236,14143.55000000,0.00007052,14143.54,14143.55,11272.20984307,2018-01-13T20:10:14.314000Z
33254236,14143.55000000,0.00007052,14143.54,14143.55,11272.20984307,2018-01-13T20:10:14.314000Z
33254236,14143.55000000,0.00007052,14143.54,14143.55,11272.20984307,2018-01-13T20:10:14.314000Z
33254236,14143.55000000,0.00007052,14143.54,14143.55,11272.20984307,2018-01-13T20:10:14.314000Z
33254237,14143.55000000,0.30632469,14143.54,14143.55,11272.20984307,2018-01-13T20:10:26.437000Z
33254237,14143.55000000,0.30632469,14143.54,14143.55,11272.20984307,2018-01-13T20:10:26.437000Z
33254280,14156.67000000,0.13165458,14156.66,14156.67,11272.20984307,2018-01-13T20:10:28.570000Z
33254280,14156.67000000,0.13165458,14156.66,14156.67,11272.20984307,2018-01-13T20:10:28.570000Z
33254280,14156.67000000,0.13165458,14156.66,14156.67,11272.20984307,2018-01-13T20:10:28.570000Z
33254280,14156.67000000,0.13165458,14156.66,14156.67,11272.20984307,2018-01-13T20:10:28.570000Z
33254280,14156.67000000,0.13165458,14156.66,14156.67,11272.20984307,2018-01-13T20:10:28.570000Z
33254280,14156.67000000,0.13165458,14156.66,14156.67,11272.20984307,2018-01-13T20:10:28.570000Z
33254280,14156.67000000,0.13165458,14156.66,14156.67,11272.20984307,2018-01-13T20:10:28.570000Z
33254280,14156.67000000,0.13165458,14156.66,14156.67,11272.20984307,2018-01-13T20:10:28.570000Z
33254282,14156.67000000,0.01154316,14156.66,14156.67,11272.20984307,2018-01-13T20:10:36.534000Z
33254283,14156.67000000,0.05000000,14156.66,14156.67,11272.20984307,2018-01-13T20:10:38.094000Z
33254284,14156.67000000,0.01297204,14156.66,14156.67,11272.20984307,2018-01-13T20:10:38.597000Z
33254284,14156.67000000,0.01297204,14156.66,14156.67,11272.20984307,2018-01-13T20:10:38.597000Z
33254284,14156.67000000,0.01297204,14156.66,14156.67,11272.20984307,2018-01-13T20:10:38.597000Z
33254300,14158.80000000,0.19474001,14158.79,14158.8,11272.20984307,2018-01-13T20:10:41.886000Z
33254300,14158.80000000,0.19474001,14158.79,14158.8,11272.20984307,2018-01-13T20:10:41.886000Z
33254300,14158.80000000,0.19474001,14158.79,14158.8,11272.20984307,2018-01-13T20:10:41.886000Z
33254300,14158.80000000,0.19474001,14158.79,14158.8,11272.20984307,2018-01-13T20:10:41.886000Z
33254302,14158.80000000,0.02243112,14158.79,14158.8,11272.20984307,2018-01-13T20:10:45.984000Z
33254302,14158.80000000,0.02243112,14158.79,14158.8,11272.20984307,2018-01-13T20:10:45.984000Z
33254304,14158.79000000,0.54966543,14158.79,14158.8,11272.20984307,2018-01-13T20:10:48.074000Z
33254305,14158.80000000,0.00061644,14158.79,14158.8,11272.20984307,2018-01-13T20:10:48.614000Z
33254307,14158.80000000,0.01412950,14158.79,14158.8,11272.20984307,2018-01-13T20:10:50.187000Z
33254308,14158.80000000,0.00007045,14158.79,14158.8,11272.20984307,2018-01-13T20:10:50.906000Z
33254308,14158.80000000,0.00007045,14158.79,14158.8,11272.20984307,2018-01-13T20:10:50.906000Z
33254308,14158.80000000,0.00007045,14158.79,14158.8,11272.20984307,2018-01-13T20:10:50.906000Z
33254308,14158.80000000,0.00007045,14158.79,14158.8,11272.20984307,2018-01-13T20:10:50.906000Z
33254308,14158.80000000,0.00007045,14158.79,14158.8,11272.20984307,2018-01-13T20:10:50.906000Z
33254308,14158.80000000,0.00007045,14158.79,14158.8,11272.20984307,2018-01-13T20:10:50.906000Z
33254309,14158.80000000,0.01883397,14158.79,14158.8,11272.20984307,2018-01-13T20:10:56.635000Z
33254309,14158.80000000,0.01883397,14158.79,14158.8,11272.60453155,2018-01-13T20:10:56.635000Z
33254309,14158.80000000,0.01883397,14158.79,14158.8,11272.60453155,2018-01-13T20:10:56.635000Z
33254309,14158.80000000,0.01883397,14158.79,14158.8,11272.60453155,2018-01-13T20:10:56.635000Z
33254309,14158.80000000,0.01883397,14158.79,14158.8,11272.60453155,2018-01-13T20:10:56.635000Z
33254311,14158.80000000,0.00007045,14158.79,14158.8,11272.60453155,2018-01-13T20:11:02.159000Z
33254311,14158.80000000,0.00007045,14158.79,14158.8,11272.60453155,2018-01-13T20:11:02.159000Z
33254311,14158.80000000,0.00007045,14158.79,14158.8,11272.60453155,2018-01-13T20:11:02.159000Z
33254312,14158.80000000,0.01852053,14158.79,14158.8,11272.60453155,2018-01-13T20:11:04.288000Z
33254313,14158.79000000,0.78860000,14158.79,14158.8,11272.60453155,2018-01-13T20:11:05.714000Z
33254313,14158.79000000,0.78860000,14158.79,14158.8,11272.60453155,2018-01-13T20:11:05.714000Z
33254313,14158.79000000,0.78860000,14158.79,14158.8,11272.60453155,2018-01-13T20:11:05.714000Z
33254314,14158.80000000,0.01000000,14158.79,14158.8,11272.60453155,2018-01-13T20:11:08.659000Z
33254314,14158.80000000,0.01000000,14158.79,14158.8,11272.60453155,2018-01-13T20:11:08.659000Z
33254314,14158.80000000,0.01000000,14158.79,14158.8,11272.60453155,2018-01-13T20:11:08.659000Z
33254314,14158.80000000,0.01000000,14158.79,14158.8,11272.60453155,2018-01-13T20:11:08.659000Z
33254314,14158.80000000,0.01000000,14158.79,14158.8,11272.60453155,2018-01-13T20:11:08.659000Z
33254315,14158.80000000,0.10567698,14158.79,14158.8,11272.60453155,2018-01-13T20:11:13.898000Z
33254315,14158.80000000,0.10567698,14158.79,14158.8,11272.60453155,2018-01-13T20:11:13.898000Z
33254316,14158.80000000,0.00739527,14158.79,14158.8,11272.60453155,2018-01-13T20:11:15.660000Z
33254316,14158.80000000,0.00739527,14158.79,14158.8,11272.60453155,2018-01-13T20:11:15.660000Z
33254316,14158.80000000,0.00739527,14158.79,14158.8,11272.60453155,2018-01-13T20:11:15.660000Z
33254317,14158.80000000,0.10000000,14158.79,14158.8,11272.60453155,2018-01-13T20:11:18.906000Z
33254317,14158.80000000,0.10000000,14158.79,14158.8,11272.60453155,2018-01-13T20:11:18.906000Z
33254317,14158.80000000,0.10000000,14158.79,14158.8,11272.60453155,2018-01-13T20:11:18.906000Z
33254318,14158.80000000,0.02000000,14158.79,14158.8,11272.60453155,2018-01-13T20:11:21.433000Z
33254319,14158.80000000,0.13007146,14158.79,14158.8,11272.60453155,2018-01-13T20:11:22.866000Z
33254319,14158.80000000,0.13007146,14158.79,14158.8,11272.60453155,2018-01-13T20:11:22.866000Z
33254319,14158.80000000,0.13007146,14158.79,14158.8,11272.60453155,2018-01-13T20:11:22.866000Z
33254319,14158.80000000,0.13007146,14158.79,14158.8,11272.60453155,2018-01-13T20:11:22.866000Z
33254320,14158.80000000,0.18270705,14158.79,14158.8,11272.60453155,2018-01-13T20:11:27.099000Z
33254334,14158.80000000,0.11434102,14158.79,14158.8,11272.60453155,2018-01-13T20:11:27.519000Z
33254334,14158.80000000,0.11434102,14158.79,14158.8,11272.60453155,2018-01-13T20:11:27.519000Z
33254335,14158.80000000,0.01726268,14158.79,14158.8,11272.60453155,2018-01-13T20:11:29.507000Z
33254336,14158.80000000,0.00352256,14158.79,14158.8,11272.60453155,2018-01-13T20:11:30.881000Z
33254336,14158.80000000,0.00352256,14158.79,14158.8,11272.60453155,2018-01-13T20:11:30.881000Z
33254336,14158.80000000,0.00352256,14158.79,14158.8,11272.60453155,2018-01-13T20:11:30.881000Z
33254336,14158.80000000,0.00352256,14158.79,14158.8,11272.60453155,2018-01-13T20:11:30.881000Z
33254336,14158.80000000,0.00352256,14158.79,14158.8,11272.60453155,2018-01-13T20:11:30.881000Z
33254337,14158.80000000,0.02000000,14158.79,14158.8,11272.60453155,2018-01-13T20:11:35.389000Z
33254337,14158.80000000,0.02000000,14158.79,14158.8,11272.60453155,2018-01-13T20:11:35.389000Z
33254337,14158.80000000,0.02000000,14158.79,14158.8,11272.60453155,2018-01-13T20:11:35.389000Z
33254337,14158.80000000,0.02000000,14158.79,14158.8,11272.60453155,2018-01-13T20:11:35.389000Z
33254337,14158.80000000,0.02000000,14158.79,14158.8,11272.60453155,2018-01-13T20:11:35.389000Z
33254338,14158.79000000,0.30000000,14158.79,14158.8,11272.60453155,2018-01-13T20:11:40.701000Z
33254338,14158.79000000,0.30000000,14158.79,14158.8,11272.60453155,2018-01-13T20:11:40.701000Z
33254348,14158.79000000,1.35776887,14158.79,14158.8,11272.60453155,2018-01-13T20:11:43.222000Z
33254348,14158.79000000,1.35776887,14158.79,14158.8,11272.60453155,2018-01-13T20:11:43.222000Z
33254348,14158.79000000,1.35776887,14158.79,14158.8,11272.60453155,2018-01-13T20:11:43.222000Z
33254348,14158.79000000,1.35776887,14158.79,14158.8,11272.60453155,2018-01-13T20:11:43.222000Z
33254348,14158.79000000,1.35776887,14158.79,14158.8,11272.60453155,2018-01-13T20:11:43.222000Z
33254349,14158.79000000,0.04682692,14158.79,14158.8,11272.60453155,2018-01-13T20:11:47.716000Z
33254350,14158.80000000,0.00007045,14158.79,14158.8,11268.45800077,2018-01-13T20:11:49.543000Z
33254350,14158.80000000,0.00007045,14158.79,14158.8,11268.45800077,2018-01-13T20:11:49.543000Z
33254351,14158.79000000,0.15840000,14158.79,14158.8,11268.45800077,2018-01-13T20:11:51.083000Z
33254351,14158.79000000,0.15840000,14158.79,14158.8,11268.45800077,2018-01-13T20:11:51.083000Z
33254351,14158.79000000,0.15840000,14158.79,14158.8,11268.45800077,2018-01-13T20:11:51.083000Z
33254351,14158.79000000,0.15840000,14158.79,14158.8,11268.45800077,2018-01-13T20:11:51.083000Z
33254351,14158.79000000,0.15840000,14158.79,14158.8,11268.45800077,2018-01-13T20:11:51.083000Z
33254351,14158.79000000,0.15840000,14158.79,14158.8,11268.45800077,2018-01-13T20:11:51.083000Z
33254351,14158.79000000,0.15840000,14158.79,14158.8,11268.45800077,2018-01-13T20:11:51.083000Z
33254351,14158.79000000,0.15840000,14158.79,14158.8,11268.45800077,2018-01-13T20:11:51.083000Z
33254351,14158.79000000,0.15840000,14158.79,14158.8,11268.45800077,2018-01-13T20:11:51.083000Z
33254351,14158.79000000,0.15840000,14158.79,14158.8,11268.45800077,2018-01-13T20:11:51.083000Z
33254352,14158.80000000,0.00487100,14158.79,14158.8,11268.45800077,2018-01-13T20:12:01.024000Z
33254352,14158.80000000,0.00487100,14158.79,14158.8,11268.45800077,2018-01-13T20:12:01.024000Z
33254352,14158.80000000,0.00487100,14158.79,14158.8,11268.45800077,2018-01-13T20:12:01.024000Z
33254352,14158.80000000,0.00487100,14158.79,14158.8,11268.45800077,2018-01-13T20:12:01.024000Z
33254352,14158.80000000,0.00487100,14158.79,14158.8,11268.45800077,2018-01-13T20:12:01.024000Z
33254352,14158.80000000,0.00487100,14158.79,14158.8,11268.45800077,2018-01-13T20:12:01.024000Z
33254352,14158.80000000,0.00487100,14158.79,14158.8,11268.45800077,2018-01-13T20:12:01.024000Z
33254353,14158.80000000,0.03000000,14158.79,14158.8,11268.45800077,2018-01-13T20:12:08.178000Z
33254353,14158.80000000,0.03000000,14158.79,14158.8,11268.45800077,2018-01-13T20:12:08.178000Z
33254353,14158.80000000,0.03000000,14158.79,14158.8,11268.45800077,2018-01-13T20:12:08.178000Z
33254353,14158.80000000,0.03000000,14158.79,14158.8,11268.45800077,2018-01-13T20:12:08.178000Z
33254360,14158.80000000,0.00406111,14158.79,14158.8,11268.45800077,2018-01-13T20:12:12.234000Z
33254360,14158.80000000,0.00406111,14158.79,14158.8,11268.45800077,2018-01-13T20:12:12.234000Z
33254400,14168.90000000,0.06719883,14168.89,14168.9,11268.45800077,2018-01-13T20:12:13.596000Z
33254400,14168.90000000,0.06719883,14168.89,14168.9,11268.45800077,2018-01-13T20:12:13.596000Z
33254400,14168.90000000,0.06719883,14168.89,14168.9,11268.45800077,2018-01-13T20:12:13.596000Z
33254400,14168.90000000,0.06719883,14168.89,14168.9,11268.45800077,2018-01-13T20:12:13.596000Z
33254400,14168.90000000,0.06719883,14168.89,14168.9,11268.45800077,2018-01-13T20:12:13.596000Z
33254400,14168.90000000,0.06719883,14168.89,14168.9,11268.45800077,2018-01-13T20:12:13.596000Z
33254400,14168.90000000,0.06719883,14168.89,14168.9,11268.45800077,2018-01-13T20:12:13.596000Z
33254400,14168.90000000,0.06719883,14168.89,14168.9,11268.45800077,2018-01-13T20:12:13.596000Z
33254400,14168.90000000,0.06719883,14168.89,14168.9,11268.45800077,2018-01-13T20:12:13.596000Z
33254400,14168.90000000,0.06719883,14168.89,14168.9,11268.45800077,2018-01-13T20:12:13.596000Z
33254400,14168.90000000,0.06719883,14168.89,14168.9,11268.45800077,2018-01-13T20:12:13.596000Z
33254402,14168.90000000,0.23316165,14168.89,14168.9,11268.45800077,2018-01-13T20:12:25.249000Z
33254403,14168.90000000,0.01267219,14168.89,14168.9,11268.45800077,2018-01-13T20:12:26.210000Z
33254403,14168.90000000,0.01267219,14168.89,14168.9,11268.45800077,2018-01-13T20:12:26.210000Z
33254403,14168.90000000,0.01267219,14168.89,14168.9,11268.45800077,2018-01-13T20:12:26.210000Z
33254403,14168.90000000,0.01267219,14168.89,14168.9,11268.45800077,2018-01-13T20:12:26.210000Z
33254403,14168.90000000,0.01267219,14168.89,14168.9,11268.45800077,2018-01-13T20:12:26.210000Z
33254403,14168.90000000,0.01267219,14168.89,14168.9,11268.45800077,2018-01-13T20:12:26.210000Z
33254450,14186.09000000,0.85426823,14172.94,14185.59,11268.45800077,2018-01-13T20:12:32.031000Z
33254450,14186.09000000,0.85426823,14175.15,14179,11268.45800077,2018-01-13T20:12:32.031000Z
33254450,14186.09000000,0.85426823,14178.99,14179,11268.45800077,2018-01-13T20:12:32.031000Z
33254450,14186.09000000,0.85426823,14178.99,14179,11268.45800077,2018-01-13T20:12:32.031000Z
33254450,14186.09000000,0.85426823,14178.99,14179,11268.45800077,2018-01-13T20:12:32.031000Z
33254450,14186.09000000,0.85426823,14178.99,14179,11268.45800077,2018-01-13T20:12:32.031000Z
33254452,14179.00000000,0.01821364,14178.99,14179,11268.45800077,2018-01-13T20:12:38.124000Z
33254452,14179.00000000,0.01821364,14178.99,14179,11268.45800077,2018-01-13T20:12:38.124000Z
33254452,14179.00000000,0.01821364,14178.99,14179,11257.77949749,2018-01-13T20:12:38.124000Z
33254453,14179.00000000,0.13155629,14178.99,14179,11257.77949749,2018-01-13T20:12:40.946000Z
33254453,14179.00000000,0.13155629,14178.99,14179,11257.77949749,2018-01-13T20:12:40.946000Z
33254453,14179.00000000,0.13155629,14178.99,14179,11257.77949749,2018-01-13T20:12:40.946000Z
33254453,14179.00000000,0.13155629,14178.99,14179,11257.77949749,2018-01-13T20:12:40.946000Z
33254455,14178.99000000,0.00487790,14178.99,14179,11257.77949749,2018-01-13T20:12:44.605000Z
33254455,14178.99000000,0.00487790,14178.99,14179,11257.77949749,2018-01-13T20:12:44.605000Z
33254455,14178.99000000,0.00487790,14178.99,14179,11257.77949749,2018-01-13T20:12:44.605000Z
33254456,14178.99000000,0.03621018,14178.99,14179,11257.77949749,2018-01-13T20:12:47.667000Z
33254457,14179.00000000,0.02000000,14178.99,14179,11257.77949749,2018-01-13T20:12:48.458000Z
33254457,14179.00000000,0.02000000,14178.99,14179,11257.77949749,2018-01-13T20:12:48.458000Z
33254457,14179.00000000,0.02000000,14178.99,14179,11257.77949749,2018-01-13T20:12:48.458000Z
33254458,14179.00000000,0.00703509,14178.99,14179,11257.77949749,2018-01-13T20:12:51.842000Z
33254460,14179.00000000,0.28650000,14178.99,14179,11257.77949749,2018-01-13T20:12:53.261000Z
33254462,14179.00000000,0.07035095,14178.99,14179,11257.77949749,2018-01-13T20:12:53.948000Z
33254462,14179.00000000,0.07035095,14178.99,14179,11257.77949749,2018-01-13T20:12:53.948000Z
33254462,14179.00000000,0.07035095,14178.99,14179,11257.77949749,2018-01-13T20:12:53.948000Z
33254462,14179.00000000,0.07035095,14178.99,14179,11257.77949749,2018-01-13T20:12:53.948000Z
33254464,14179.00000000,0.02861558,14178.99,14179,11257.77949749,2018-01-13T20:12:57.924000Z
33254465,14179.00000000,0.07035095,14178.99,14179,11257.77949749,2018-01-13T20:12:59.156000Z
33254466,14179.00000000,0.00024754,14178.99,14179,11257.77949749,2018-01-13T20:12:59.547000Z
33254466,14179.00000000,0.00024754,14178.99,14179,11257.77949749,2018-01-13T20:12:59.547000Z
33254466,14179.00000000,0.00024754,14178.99,14179,11257.77949749,2018-01-13T20:12:59.547000Z
33254467,14179.00000000,0.35175479,14178.99,14179,11257.77949749,2018-01-13T20:13:03.105000Z
33254467,14179.00000000,0.35175479,14178.99,14179,11257.77949749,2018-01-13T20:13:03.105000Z
33254467,14179.00000000,0.35175479,14178.99,14179,11257.77949749,2018-01-13T20:13:03.105000Z
33254468,14179.00000000,0.04924567,14178.99,14179,11257.77949749,2018-01-13T20:13:05.747000Z
33254468,14179.00000000,0.04924567,14178.99,14179,11257.77949749,2018-01-13T20:13:05.747000Z
33254468,14179.00000000,0.04924567,14178.99,14179,11257.77949749,2018-01-13T20:13:05.747000Z
33254468,14179.00000000,0.04924567,14178.99,14179,11257.77949749,2018-01-13T20:13:05.747000Z
33254469,14179.00000000,0.01000000,14178.99,14179,11257.77949749,2018-01-13T20:13:09.765000Z
33254470,14179.00000000,0.01566957,14178.99,14179,11257.77949749,2018-01-13T20:13:11.280000Z
33254470,14179.00000000,0.01566957,14178.99,14179,11257.77949749,2018-01-13T20:13:11.280000Z
33254490,14178.99000000,0.03582008,14178.99,14179,11257.77949749,2018-01-13T20:13:13.211000Z
33254490,14178.99000000,0.03582008,14178.99,14179,11257.77949749,2018-01-13T20:13:13.211000Z
33254490,14178.99000000,0.03582008,14178.99,14179,11257.77949749,2018-01-13T20:13:13.211000Z
33254491,14179.00000000,0.04690000,14178.99,14179,11257.77949749,2018-01-13T20:13:16.056000Z
33254491,14179.00000000,0.04690000,14178.99,14179,11257.77949749,2018-01-13T20:13:16.056000Z
33254492,14179.00000000,0.03000000,14178.99,14179,11257.77949749,2018-01-13T20:13:18.090000Z
33254493,14179.00000000,0.21105287,14178.99,14179,11257.77949749,2018-01-13T20:13:18.842000Z
33254493,14179.00000000,0.21105287,14178.99,14179,11257.77949749,2018-01-13T20:13:18.842000Z
33254494,14179.00000000,0.01407019,14178.99,14179,11257.77949749,2018-01-13T20:13:20.714000Z
33254494,14179.00000000,0.01407019,14178.99,14179,11257.77949749,2018-01-13T20:13:20.714000Z
33254494,14179.00000000,0.01407019,14178.99,14179,11257.77949749,2018-01-13T20:13:20.714000Z
33254494,14179.00000000,0.01407019,14178.99,14179,11257.77949749,2018-01-13T20:13:20.714000Z
33254494,14179.00000000,0.01407019,14178.99,14179,11257.77949749,2018-01-13T20:13:20.714000Z
33254494,14179.00000000,0.01407019,14178.99,14179,11257.77949749,2018-01-13T20:13:20.714000Z
33254495,14179.00000000,0.05000000,14178.99,14179,11257.77949749,2018-01-13T20:13:27.068000Z
33254495,14179.00000000,0.05000000,14178.99,14179,11257.77949749,2018-01-13T20:13:27.068000Z
33254495,14179.00000000,0.05000000,14178.99,14179,11245.33158682,2018-01-13T20:13:27.068000Z
33254495,14179.00000000,0.05000000,14178.99,14179,11245.33158682,2018-01-13T20:13:27.068000Z
33254495,14179.00000000,0.05000000,14178.99,14179,11245.33158682,2018-01-13T20:13:27.068000Z
33254495,14179.00000000,0.05000000,14178.99,14179,11245.33158682,2018-01-13T20:13:27.068000Z
33254495,14179.00000000,0.05000000,14178.99,14179,11245.33158682,2018-01-13T20:13:27.068000Z
33254495,14179.00000000,0.05000000,14178.99,14179,11245.33158682,2018-01-13T20:13:27.068000Z
33254496,14179.00000000,0.01000000,14178.99,14179,11245.33158682,2018-01-13T20:13:35.166000Z
33254496,14179.00000000,0.01000000,14178.99,14179,11245.33158682,2018-01-13T20:13:35.166000Z
33254496,14179.00000000,0.01000000,14178.99,14179,11245.33158682,2018-01-13T20:13:35.166000Z
33254497,14178.99000000,0.03456799,14178.99,14179,11245.33158682,2018-01-13T20:13:37.963000Z
33254497,14178.99000000,0.03456799,14178.99,14179,11245.33158682,2018-01-13T20:13:37.963000Z
33254497,14178.99000000,0.03456799,14178.99,14179,11245.33158682,2018-01-13T20:13:37.963000Z
33254498,14178.99000000,0.01910000,14178.99,14179,11245.33158682,2018-01-13T20:13:41.248000Z
33254498,14178.99000000,0.01910000,14178.99,14179,11245.33158682,2018-01-13T20:13:41.248000Z
33254498,14178.99000000,0.01910000,14178.99,14179,11245.33158682,2018-01-13T20:13:41.248000Z
33254498,14178.99000000,0.01910000,14178.99,14179,11245.33158682,2018-01-13T20:13:41.248000Z
33254498,14178.99000000,0.01910000,14178.99,14179,11245.33158682,2018-01-13T20:13:41.248000Z
33254498,14178.99000000,0.01910000,14178.99,14179,11245.33158682,2018-01-13T20:13:41.248000Z
33254498,14178.99000000,0.01910000,14178.99,14179,11245.33158682,2018-01-13T20:13:41.248000Z
33254498,14178.99000000,0.01910000,14178.99,14179,11245.33158682,2018-01-13T20:13:41.248000Z
33254502,14178.99000000,0.23169845,14178.99,14179,11245.33158682,2018-01-13T20:13:48.570000Z
33254502,14178.99000000,0.23169845,14178.99,14179,11245.33158682,2018-01-13T20:13:48.570000Z
